timestamp,price,qty,UNIX_time,is_buyer_maker
1970-01-01 00:00:16.881,0.02103,10000.0,16881,
2023-07-01 00:00:11.321,0.02003,10000.0,1688169611321,False
2023-07-01 00:00:11.324,0.02003,0.2,1688169611324,False
2023-07-01 00:00:11.324,0.02003,4347.2,1688169611324,False
2023-07-01 00:00:11.324,0.02003,4347.2,1688169611324,False
2023-07-01 00:00:11.324,0.02003,2585.3,1688169611324,False
2023-07-01 00:00:11.324,0.02003,4347.2,1688169611324,False
2023-07-01 00:00:11.324,0.02003,8962.5,1688169611324,False
2023-07-01 00:00:11.324,0.02003,4347.2,1688169611324,False
2023-07-01 00:00:11.324,0.02003,2853.4,1688169611324,False
2023-07-01 00:00:11.327,0.02003,1493.8,1688169611327,False
2023-07-01 00:00:11.327,0.02003,2853.2,1688169611327,False
2023-07-01 00:00:11.372,0.02003,1494.0,1688169611372,False
2023-07-01 00:00:11.372,0.02003,4115.8,1688169611372,False
2023-07-01 00:00:11.375,0.02003,231.4,1688169611375,False
2023-07-01 00:00:11.375,0.02003,868.6,1688169611375,False
2023-07-01 00:00:11.380,0.02003,3478.6,1688169611380,False
2023-07-01 00:00:11.380,0.02003,0.4,1688169611380,False
2023-07-01 00:00:11.384,0.02003,4346.8,1688169611384,False
2023-07-01 00:00:11.384,0.02003,0.2,1688169611384,False
2023-07-01 00:00:11.653,0.02003,4346.0,1688169611653,False
2023-07-01 00:00:12.429,0.02003,0.1,1688169612429,False
2023-07-01 00:00:13.173,0.02005,9938.7,1688169613173,False
2023-07-01 00:00:13.173,0.02005,2500.0,1688169613173,False
2023-07-01 00:00:17.657,0.02005,18.2,1688169617657,True
2023-07-01 00:00:17.657,0.02005,14431.1,1688169617657,True
2023-07-01 00:00:20.107,0.02004,18560.8,1688169620107,True
2023-07-01 00:00:20.107,0.02004,17505.8,1688169620107,True
2023-07-01 00:00:20.126,0.02004,15581.9,1688169620126,True
2023-07-01 00:00:20.644,0.02004,9335.0,1688169620644,False
2023-07-01 00:00:20.728,0.02004,8502.3,1688169620728,False
2023-07-01 00:00:20.733,0.02004,1125.2,1688169620733,False
2023-07-01 00:00:20.738,0.02004,7737.5,1688169620738,True
2023-07-01 00:00:22.656,0.02004,4346.9,1688169622656,False
2023-07-01 00:00:22.656,0.02004,65.0,1688169622656,False
2023-07-01 00:00:22.656,0.02004,4346.9,1688169622656,False
2023-07-01 00:00:22.662,0.02004,4281.9,1688169622662,False
2023-07-01 00:00:22.863,0.02004,4346.9,1688169622863,False
2023-07-01 00:00:22.863,0.02004,65.0,1688169622863,False
2023-07-01 00:00:22.863,0.02004,4346.9,1688169622863,False
2023-07-01 00:00:22.917,0.02004,4346.9,1688169622917,False
2023-07-01 00:00:22.917,0.02004,4281.9,1688169622917,False
2023-07-01 00:00:22.917,0.02004,993.1,1688169622917,False
2023-07-01 00:00:22.921,0.02004,3353.8,1688169622921,False
2023-07-01 00:00:24.184,0.02004,4346.9,1688169624184,False
2023-07-01 00:00:24.184,0.02004,4346.1,1688169624184,False
2023-07-01 00:00:24.485,0.02004,1897.6,1688169624485,True
2023-07-01 00:00:26.661,0.02004,1325.0,1688169626661,True
2023-07-01 00:00:27.592,0.02005,14412.9,1688169627592,False
2023-07-01 00:00:27.592,0.02005,14431.1,1688169627592,False
2023-07-01 00:00:27.592,0.02005,12000.0,1688169627592,False
2023-07-01 00:00:27.592,0.02005,11171.0,1688169627592,False
2023-07-01 00:00:27.592,0.02006,12000.0,1688169627592,False
2023-07-01 00:00:27.592,0.02006,9668.3,1688169627592,False
2023-07-01 00:00:27.592,0.02005,2230.9,1688169627592,False
2023-07-01 00:00:27.592,0.02005,6320.7,1688169627592,False
2023-07-01 00:00:27.592,0.02005,2500.0,1688169627592,False
2023-07-01 00:00:46.245,0.02006,1127.0,1688169646245,False
2023-07-01 00:01:10.294,0.02006,4985.0,1688169670294,True
2023-07-01 00:01:13.286,0.02006,2400.0,1688169673286,False
2023-07-01 00:01:28.659,0.02005,2500.0,1688169688659,True
2023-07-01 00:01:38.265,0.02004,2500.0,1688169698265,True
2023-07-01 00:01:38.265,0.02004,12000.0,1688169698265,True
2023-07-01 00:01:38.269,0.02004,20000.0,1688169698269,True
2023-07-01 00:01:38.275,0.02004,12000.0,1688169698275,True
2023-07-01 00:01:38.286,0.02004,10000.0,1688169698286,True
2023-07-01 00:01:38.291,0.02004,12000.0,1688169698291,True
2023-07-01 00:01:46.864,0.02003,14242.3,1688169706864,True
2023-07-01 00:01:46.864,0.02003,2500.0,1688169706864,True
2023-07-01 00:01:46.864,0.02003,52522.9,1688169706864,True
2023-07-01 00:01:46.961,0.02002,6372.6,1688169706961,True
2023-07-01 00:02:01.441,0.02003,2500.0,1688169721441,False
2023-07-01 00:02:12.912,0.02005,3974.0,1688169732912,False
2023-07-01 00:02:18.508,0.02005,0.5,1688169738508,False
2023-07-01 00:02:25.103,0.02006,4343.3,1688169745103,False
2023-07-01 00:02:25.103,0.02006,2500.0,1688169745103,False
2023-07-01 00:02:25.462,0.02006,4343.0,1688169745462,False
2023-07-01 00:02:25.475,0.02006,4343.3,1688169745475,False
2023-07-01 00:02:25.475,0.02006,4343.3,1688169745475,False
2023-07-01 00:02:25.475,0.02006,0.3,1688169745475,False
2023-07-01 00:02:25.475,0.02006,4343.3,1688169745475,False
2023-07-01 00:02:25.475,0.02006,4343.3,1688169745475,False
2023-07-01 00:02:25.475,0.02006,4343.3,1688169745475,False
2023-07-01 00:02:25.475,0.02006,4343.3,1688169745475,False
2023-07-01 00:02:25.475,0.02006,4342.6,1688169745475,False
2023-07-01 00:02:25.475,0.02006,4343.3,1688169745475,False
2023-07-01 00:02:25.482,0.02007,10883.7,1688169745482,False
2023-07-01 00:02:25.482,0.02007,12000.0,1688169745482,False
2023-07-01 00:02:27.228,0.02007,1368.0,1688169747228,False
2023-07-01 00:02:27.234,0.02007,0.1,1688169747234,False
2023-07-01 00:02:27.234,0.02007,2973.9,1688169747234,False
2023-07-01 00:02:30.551,0.02007,4341.8,1688169750551,False
2023-07-01 00:02:30.551,0.02007,0.2,1688169750551,False
2023-07-01 00:02:30.606,0.02007,4341.5,1688169750606,False
2023-07-01 00:02:30.606,0.02007,4341.9,1688169750606,False
2023-07-01 00:02:30.606,0.02007,4341.9,1688169750606,False
2023-07-01 00:02:30.606,0.02007,4341.9,1688169750606,False
2023-07-01 00:02:30.606,0.02007,4341.9,1688169750606,False
2023-07-01 00:02:30.606,0.02007,4341.7,1688169750606,False
2023-07-01 00:02:30.606,0.02007,4341.9,1688169750606,False
2023-07-01 00:02:30.606,0.02007,4341.9,1688169750606,False
2023-07-01 00:02:30.724,0.02009,2596.0,1688169750724,False
2023-07-01 00:02:30.724,0.02009,907.0,1688169750724,False
2023-07-01 00:02:30.734,0.02009,3501.0,1688169750734,False
2023-07-01 00:02:44.526,0.02007,2488.8,1688169764526,False
2023-07-01 00:02:55.561,0.02006,548.9,1688169775561,False
2023-07-01 00:03:20.758,0.02005,2500.0,1688169800758,True
2023-07-01 00:03:20.758,0.02005,10883.7,1688169800758,True
2023-07-01 00:03:24.467,0.02004,1328.0,1688169804467,True
2023-07-01 00:03:24.471,0.02004,0.1,1688169804471,True
2023-07-01 00:03:47.810,0.02004,2500.0,1688169827810,True
2023-07-01 00:03:47.810,0.02004,18962.5,1688169827810,True
2023-07-01 00:03:47.810,0.02004,10683.0,1688169827810,True
2023-07-01 00:03:50.758,0.02003,10520.0,1688169830758,True
2023-07-01 00:03:50.758,0.02003,1247.0,1688169830758,True
2023-07-01 00:04:22.865,0.02004,4347.0,1688169862865,False
2023-07-01 00:04:22.869,0.02004,4347.0,1688169862869,False
2023-07-01 00:04:22.872,0.02004,228.3,1688169862872,False
2023-07-01 00:04:22.872,0.02004,4347.0,1688169862872,False
2023-07-01 00:04:22.872,0.02004,4347.0,1688169862872,False
2023-07-01 00:04:22.872,0.02004,4347.0,1688169862872,False
2023-07-01 00:04:22.872,0.02004,4347.0,1688169862872,False
2023-07-01 00:04:22.872,0.02004,4347.0,1688169862872,False
2023-07-01 00:04:22.872,0.02004,4347.0,1688169862872,False
2023-07-01 00:04:22.872,0.02004,4347.0,1688169862872,False
2023-07-01 00:04:22.880,0.02004,4118.7,1688169862880,False
2023-07-01 00:04:28.169,0.02006,614.3,1688169868169,False
2023-07-01 00:04:45.065,0.02004,3880.0,1688169885065,True
2023-07-01 00:05:07.380,0.02004,1159.0,1688169907380,True
2023-07-01 00:05:46.770,0.02006,2496.3,1688169946770,False
2023-07-01 00:05:46.770,0.02006,6878.3,1688169946770,False
2023-07-01 00:05:46.770,0.02006,2500.0,1688169946770,False
2023-07-01 00:05:46.770,0.02006,13075.4,1688169946770,False
2023-07-01 00:05:49.299,0.02004,4961.0,1688169949299,True
2023-07-01 00:05:49.299,0.02004,6320.2,1688169949299,True
2023-07-01 00:05:49.299,0.02004,2266.1,1688169949299,True
2023-07-01 00:05:49.299,0.02004,2500.0,1688169949299,True
2023-07-01 00:05:49.302,0.02003,4992.5,1688169949302,True
2023-07-01 00:05:49.315,0.02004,11286.0,1688169949315,True
2023-07-01 00:05:49.320,0.02004,10689.0,1688169949320,True
2023-07-01 00:05:53.782,0.02004,705.9,1688169953782,False
2023-07-01 00:06:08.902,0.02005,4135.5,1688169968902,True
2023-07-01 00:06:23.140,0.02006,2896.7,1688169983140,False
2023-07-01 00:06:23.140,0.02006,2500.0,1688169983140,False
2023-07-01 00:06:23.146,0.02006,1658.0,1688169983146,False
2023-07-01 00:06:23.155,0.02005,10563.9,1688169983155,True
2023-07-01 00:06:23.300,0.02005,11293.0,1688169983300,True
2023-07-01 00:06:23.413,0.02005,9322.3,1688169983413,True
2023-07-01 00:06:23.413,0.02005,10621.0,1688169983413,True
2023-07-01 00:06:23.413,0.02005,10712.0,1688169983413,True
2023-07-01 00:06:23.413,0.02005,10922.0,1688169983413,True
2023-07-01 00:06:23.413,0.02005,10621.0,1688169983413,True
2023-07-01 00:06:44.469,0.02007,4340.7,1688170004469,False
2023-07-01 00:06:44.469,0.02007,4340.7,1688170004469,False
2023-07-01 00:06:44.469,0.02007,4340.7,1688170004469,False
2023-07-01 00:06:44.469,0.02007,4340.7,1688170004469,False
2023-07-01 00:06:44.469,0.02007,4340.7,1688170004469,False
2023-07-01 00:06:44.469,0.02007,11759.8,1688170004469,False
2023-07-01 00:06:44.469,0.02007,10667.4,1688170004469,False
2023-07-01 00:06:44.469,0.02007,4340.7,1688170004469,False
2023-07-01 00:06:44.469,0.02007,2500.0,1688170004469,False
2023-07-01 00:06:44.469,0.02007,4340.7,1688170004469,False
2023-07-01 00:06:44.469,0.02007,6320.7,1688170004469,False
2023-07-01 00:06:44.469,0.02007,4340.7,1688170004469,False
2023-07-01 00:06:44.469,0.02007,4340.7,1688170004469,False
2023-07-01 00:06:44.469,0.02007,4340.5,1688170004469,False
2023-07-01 00:06:44.473,0.02007,38546.5,1688170004473,True
2023-07-01 00:06:44.550,0.02008,1758.1,1688170004550,False
2023-07-01 00:06:44.550,0.02008,10883.7,1688170004550,False
2023-07-01 00:06:44.550,0.02008,6320.7,1688170004550,False
2023-07-01 00:06:44.554,0.02008,9553.9,1688170004554,False
2023-07-01 00:07:19.664,0.0201,1078.7,1688170039664,False
2023-07-01 00:07:22.617,0.0201,1078.7,1688170042617,False
2023-07-01 00:07:27.194,0.02009,39960.0,1688170047194,True
2023-07-01 00:07:29.802,0.0201,797.8,1688170049802,False
2023-07-01 00:07:30.704,0.0201,1828.0,1688170050704,False
2023-07-01 00:07:52.372,0.0201,9030.0,1688170072372,False
2023-07-01 00:07:52.389,0.0201,34329.6,1688170072389,False
2023-07-01 00:07:53.648,0.02011,4332.3,1688170073648,False
2023-07-01 00:07:55.285,0.02011,4332.0,1688170075285,False
2023-07-01 00:07:57.489,0.02011,0.3,1688170077489,False
2023-07-01 00:07:57.489,0.02011,2230.6,1688170077489,False
2023-07-01 00:07:57.496,0.02011,2101.7,1688170077496,False
2023-07-01 00:07:57.496,0.02011,0.3,1688170077496,False
2023-07-01 00:07:57.497,0.02011,2101.7,1688170077497,False
2023-07-01 00:07:57.507,0.02011,2101.7,1688170077507,False
2023-07-01 00:07:57.507,0.02011,2230.3,1688170077507,False
2023-07-01 00:07:57.507,0.02011,2230.3,1688170077507,False
2023-07-01 00:07:57.508,0.02011,0.3,1688170077508,False
2023-07-01 00:07:57.508,0.02011,2101.3,1688170077508,False
2023-07-01 00:07:57.515,0.02011,2231.0,1688170077515,False
2023-07-01 00:07:57.517,0.02011,2231.0,1688170077517,False
2023-07-01 00:07:57.518,0.02011,2101.3,1688170077518,False
2023-07-01 00:07:57.518,0.02011,129.7,1688170077518,False
2023-07-01 00:07:57.524,0.02011,2101.0,1688170077524,False
2023-07-01 00:07:57.526,0.02011,0.6,1688170077526,False
2023-07-01 00:07:57.526,0.02011,4332.3,1688170077526,False
2023-07-01 00:07:57.526,0.02011,4331.7,1688170077526,False
2023-07-01 00:07:57.526,0.02011,2101.0,1688170077526,False
2023-07-01 00:07:57.526,0.02012,715.5,1688170077526,False
2023-07-01 00:07:57.533,0.02012,1880.5,1688170077533,False
2023-07-01 00:07:57.533,0.02012,11759.8,1688170077533,False
2023-07-01 00:07:57.600,0.02012,11759.8,1688170077600,False
2023-07-01 00:07:57.608,0.02011,4274.8,1688170077608,True
2023-07-01 00:07:57.613,0.02011,1389.1,1688170077613,True
2023-07-01 00:07:58.805,0.02011,2491.4,1688170078805,True
2023-07-01 00:07:58.805,0.02011,656.8,1688170078805,True
2023-07-01 00:07:58.805,0.02011,5828.8,1688170078805,True
2023-07-01 00:07:58.978,0.02011,2500.0,1688170078978,True
2023-07-01 00:07:58.978,0.02011,7397.0,1688170078978,True
2023-07-01 00:08:00.080,0.02011,883.4,1688170080080,True
2023-07-01 00:08:01.684,0.02013,2832.4,1688170081684,False
2023-07-01 00:08:13.418,0.02012,4472.6,1688170093418,True
2023-07-01 00:08:13.418,0.02012,45303.4,1688170093418,True
2023-07-01 00:08:30.501,0.02009,1083.8,1688170110501,True
2023-07-01 00:09:04.905,0.02009,11759.8,1688170144905,True
2023-07-01 00:09:04.905,0.02009,12130.7,1688170144905,True
2023-07-01 00:09:04.905,0.02009,17309.5,1688170144905,True
2023-07-01 00:09:10.370,0.02009,10000.0,1688170150370,False
2023-07-01 00:09:30.633,0.0201,11759.8,1688170170633,False
2023-07-01 00:09:30.633,0.0201,3715.1,1688170170633,False
2023-07-01 00:10:07.879,0.0201,2473.3,1688170207879,True
2023-07-01 00:10:22.308,0.0201,2424.0,1688170222308,True
2023-07-01 00:10:26.085,0.0201,10883.7,1688170226085,True
2023-07-01 00:10:26.085,0.0201,11759.8,1688170226085,True
2023-07-01 00:10:26.085,0.0201,2500.0,1688170226085,True
2023-07-01 00:12:28.281,0.02012,945.2,1688170348281,False
2023-07-01 00:12:28.901,0.0201,574.4,1688170348901,True
2023-07-01 00:12:36.727,0.0201,11759.8,1688170356727,True
2023-07-01 00:12:36.727,0.0201,10883.7,1688170356727,True
2023-07-01 00:13:11.946,0.02008,11759.8,1688170391946,True
2023-07-01 00:13:11.946,0.02008,2500.0,1688170391946,True
2023-07-01 00:13:17.547,0.02007,358395.5,1688170397547,True
2023-07-01 00:13:17.589,0.02007,3717.9,1688170397589,True
2023-07-01 00:13:17.590,0.02007,18962.5,1688170397590,True
2023-07-01 00:13:17.591,0.02007,100137.8,1688170397591,True
2023-07-01 00:13:17.592,0.02007,4332.6,1688170397592,True
2023-07-01 00:13:17.608,0.02007,77223.9,1688170397608,True
2023-07-01 00:13:17.622,0.02007,5503.1,1688170397622,True
2023-07-01 00:13:17.648,0.02007,20943.7,1688170397648,True
2023-07-01 00:13:17.648,0.02007,44078.0,1688170397648,True
2023-07-01 00:13:17.716,0.02004,2498.2,1688170397716,True
2023-07-01 00:13:17.716,0.02004,1892.1,1688170397716,True
2023-07-01 00:13:17.716,0.02003,2498.2,1688170397716,True
2023-07-01 00:13:17.716,0.02003,8845.9,1688170397716,True
2023-07-01 00:13:17.716,0.02005,2498.2,1688170397716,True
2023-07-01 00:13:17.716,0.02005,10883.7,1688170397716,True
2023-07-01 00:13:17.716,0.02006,5094.7,1688170397716,True
2023-07-01 00:13:17.716,0.02006,5789.0,1688170397716,True
2023-07-01 00:13:17.832,0.02005,11759.8,1688170397832,False
2023-07-01 00:13:17.860,0.02005,1526.2,1688170397860,True
2023-07-01 00:13:17.860,0.02005,7202.7,1688170397860,True
2023-07-01 00:13:17.860,0.02004,6320.7,1688170397860,True
2023-07-01 00:13:17.860,0.02004,4456.4,1688170397860,True
2023-07-01 00:13:26.037,0.02004,538.3,1688170406037,False
2023-07-01 00:13:29.544,0.02002,1092.0,1688170409544,True
2023-07-01 00:13:30.269,0.02002,1089.2,1688170410269,True
2023-07-01 00:13:31.185,0.02002,1088.0,1688170411185,True
2023-07-01 00:13:32.004,0.02002,1087.4,1688170412004,True
2023-07-01 00:13:34.013,0.02002,1090.3,1688170414013,True
2023-07-01 00:13:34.273,0.02003,1031.5,1688170414273,False
2023-07-01 00:13:36.308,0.02002,1091.7,1688170416308,True
2023-07-01 00:13:36.888,0.02002,10147.8,1688170416888,True
2023-07-01 00:13:42.230,0.02002,2829.6,1688170422230,True
2023-07-01 00:13:42.242,0.02002,18962.5,1688170422242,True
2023-07-01 00:13:44.361,0.02003,10000.0,1688170424361,False
2023-07-01 00:13:58.176,0.02003,1079.3,1688170438176,False
2023-07-01 00:13:59.146,0.02003,1078.7,1688170439146,False
2023-07-01 00:14:00.359,0.02002,1699.5,1688170440359,True
2023-07-01 00:14:29.809,0.02001,17223.6,1688170469809,True
2023-07-01 00:14:29.809,0.02002,1212.5,1688170469809,True
2023-07-01 00:14:29.809,0.02,11759.8,1688170469809,True
2023-07-01 00:14:29.809,0.02,17223.5,1688170469809,True
2023-07-01 00:14:29.809,0.02,1248.9,1688170469809,True
2023-07-01 00:14:29.809,0.02001,1248.5,1688170469809,True
2023-07-01 00:14:29.809,0.02,49901.5,1688170469809,True
2023-07-01 00:14:29.809,0.02,1248.5,1688170469809,True
2023-07-01 00:14:29.809,0.02,2300.0,1688170469809,True
2023-07-01 00:14:29.809,0.02,10883.7,1688170469809,True
2023-07-01 00:14:33.526,0.01999,28327.0,1688170473526,False
2023-07-01 00:14:41.985,0.02001,10000.0,1688170481985,False
2023-07-01 00:14:51.805,0.02001,10852.1,1688170491805,False
2023-07-01 00:14:51.810,0.02001,4445.2,1688170491810,False
2023-07-01 00:14:58.893,0.02002,191518.4,1688170498893,False
2023-07-01 00:14:58.919,0.02003,2841.2,1688170498919,False
2023-07-01 00:14:58.919,0.02003,11759.8,1688170498919,False
2023-07-01 00:14:58.949,0.02003,1412.5,1688170498949,False
2023-07-01 00:14:58.949,0.02003,9291.3,1688170498949,False
2023-07-01 00:15:00.065,0.02004,1078.7,1688170500065,False
2023-07-01 00:15:09.438,0.02002,11759.8,1688170509438,True
2023-07-01 00:15:10.276,0.02001,10883.7,1688170510276,True
2023-07-01 00:15:10.276,0.02001,11759.8,1688170510276,True
2023-07-01 00:15:10.276,0.02,11759.8,1688170510276,True
2023-07-01 00:15:10.276,0.02,5333.4,1688170510276,True
2023-07-01 00:15:10.276,0.02,17223.7,1688170510276,True
2023-07-01 00:15:18.326,0.02001,8075.5,1688170518326,False
2023-07-01 00:15:36.837,0.02002,11500.3,1688170536837,False
2023-07-01 00:15:58.550,0.02006,1097.5,1688170558550,False
2023-07-01 00:15:59.555,0.02005,712.1,1688170559555,True
2023-07-01 00:15:59.590,0.02006,9786.0,1688170559590,False
2023-07-01 00:15:59.905,0.02005,1210.9,1688170559905,True
2023-07-01 00:16:00.433,0.02006,1210.9,1688170560433,True
2023-07-01 00:16:00.883,0.02006,1211.1,1688170560883,True
2023-07-01 00:16:01.004,0.02005,1211.0,1688170561004,True
2023-07-01 00:16:02.422,0.02005,775.9,1688170562422,True
2023-07-01 00:16:04.705,0.02005,7281.0,1688170564705,True
2023-07-01 00:16:35.217,0.02005,2499.9,1688170595217,True
2023-07-01 00:16:35.217,0.02005,0.1,1688170595217,True
2023-07-01 00:16:38.331,0.02005,8228.1,1688170598331,True
2023-07-01 00:16:38.331,0.02005,18962.5,1688170598331,True
2023-07-01 00:16:39.393,0.02004,2500.0,1688170599393,True
2023-07-01 00:16:39.393,0.02004,40000.0,1688170599393,True
2023-07-01 00:16:58.551,0.02002,10000.0,1688170618551,True
2023-07-01 00:17:03.777,0.02,2500.0,1688170623777,True
2023-07-01 00:17:36.718,0.02,2500.0,1688170656718,False
2023-07-01 00:17:36.718,0.02,10000.0,1688170656718,False
2023-07-01 00:17:36.718,0.02,10412.0,1688170656718,False
2023-07-01 00:17:36.737,0.02,0.3,1688170656737,False
2023-07-01 00:17:38.001,0.02001,10169.7,1688170658001,False
2023-07-01 00:17:38.001,0.02001,13116.1,1688170658001,False
2023-07-01 00:18:36.615,0.02,2500.0,1688170716615,True
2023-07-01 00:18:36.618,0.01999,5638.5,1688170716618,True
2023-07-01 00:19:37.827,0.02002,1091.7,1688170777827,False
2023-07-01 00:19:38.193,0.02002,2500.0,1688170778193,False
2023-07-01 00:19:38.193,0.02002,3270.2,1688170778193,False
2023-07-01 00:19:38.193,0.02002,2501.3,1688170778193,False
2023-07-01 00:19:38.195,0.02002,1857.3,1688170778195,False
2023-07-01 00:19:38.195,0.02002,2504.6,1688170778195,False
2023-07-01 00:19:38.195,0.02002,3265.4,1688170778195,False
2023-07-01 00:19:38.195,0.02002,1860.6,1688170778195,False
2023-07-01 00:19:38.196,0.02002,3904.8,1688170778196,False
2023-07-01 00:19:38.196,0.02002,1096.5,1688170778196,False
2023-07-01 00:19:38.196,0.02002,457.1,1688170778196,False
2023-07-01 00:19:38.196,0.02002,311.8,1688170778196,False
2023-07-01 00:19:38.197,0.02002,4361.3,1688170778197,False
2023-07-01 00:19:38.197,0.02002,4361.9,1688170778197,False
2023-07-01 00:19:38.197,0.02002,4361.9,1688170778197,False
2023-07-01 00:19:38.197,0.02002,4050.1,1688170778197,False
2023-07-01 00:19:38.197,0.02002,4361.9,1688170778197,False
2023-07-01 00:19:38.224,0.02003,1867.0,1688170778224,False
2023-07-01 00:19:39.095,0.02004,1091.7,1688170779095,False
2023-07-01 00:19:39.444,0.02004,9014.0,1688170779444,False
2023-07-01 00:19:45.244,0.02005,2500.0,1688170785244,False
2023-07-01 00:19:45.249,0.02005,2501.0,1688170785249,False
2023-07-01 00:19:45.258,0.02005,2498.7,1688170785258,False
2023-07-01 00:19:45.258,0.02005,0.3,1688170785258,False
2023-07-01 00:19:45.258,0.02005,0.3,1688170785258,False
2023-07-01 00:19:48.614,0.02006,1091.7,1688170788614,False
2023-07-01 00:19:52.632,0.02004,2500.0,1688170792632,True
2023-07-01 00:19:52.632,0.02004,10000.0,1688170792632,True
2023-07-01 00:19:56.822,0.02005,1091.7,1688170796822,False
2023-07-01 00:20:06.626,0.02005,1091.7,1688170806626,False
2023-07-01 00:20:07.395,0.02005,1091.7,1688170807395,False
2023-07-01 00:20:13.497,0.02003,1979.0,1688170813497,True
2023-07-01 00:20:25.116,0.02003,2500.0,1688170825116,True
2023-07-01 00:20:25.116,0.02003,8541.0,1688170825116,True
2023-07-01 00:20:25.130,0.02003,5381.0,1688170825130,True
2023-07-01 00:21:15.447,0.02001,17224.0,1688170875447,True
2023-07-01 00:21:32.529,0.02002,2500.0,1688170892529,False
2023-07-01 00:21:32.529,0.02002,11759.8,1688170892529,False
2023-07-01 00:21:32.529,0.02002,18962.5,1688170892529,False
2023-07-01 00:21:40.256,0.02003,2500.0,1688170900256,False
2023-07-01 00:21:40.256,0.02003,2545.8,1688170900256,False
2023-07-01 00:21:44.813,0.02005,4355.4,1688170904813,False
2023-07-01 00:21:44.813,0.02005,4354.7,1688170904813,False
2023-07-01 00:21:44.813,0.02005,4355.4,1688170904813,False
2023-07-01 00:21:44.813,0.02005,4355.4,1688170904813,False
2023-07-01 00:21:44.813,0.02005,4355.4,1688170904813,False
2023-07-01 00:21:44.813,0.02005,4355.4,1688170904813,False
2023-07-01 00:21:44.813,0.02005,2500.0,1688170904813,False
2023-07-01 00:21:44.813,0.02005,4355.4,1688170904813,False
2023-07-01 00:21:44.813,0.02005,4355.4,1688170904813,False
2023-07-01 00:21:44.813,0.02005,4355.4,1688170904813,False
2023-07-01 00:21:44.813,0.02005,4355.4,1688170904813,False
2023-07-01 00:21:50.549,0.02005,1410.3,1688170910549,True
2023-07-01 00:21:57.714,0.02005,2291.6,1688170917714,False
2023-07-01 00:22:13.384,0.02006,1084.5,1688170933384,False
2023-07-01 00:22:17.499,0.02006,4353.8,1688170937499,False
2023-07-01 00:22:17.499,0.02006,4353.8,1688170937499,False
2023-07-01 00:22:17.499,0.02006,4353.8,1688170937499,False
2023-07-01 00:22:17.499,0.02006,4353.8,1688170937499,False
2023-07-01 00:22:17.499,0.02006,4353.8,1688170937499,False
2023-07-01 00:22:17.499,0.02006,4353.8,1688170937499,False
2023-07-01 00:22:17.499,0.02006,4353.8,1688170937499,False
2023-07-01 00:22:17.499,0.02006,4353.8,1688170937499,False
2023-07-01 00:22:17.499,0.02006,1421.3,1688170937499,False
2023-07-01 00:22:17.499,0.02006,18962.5,1688170937499,False
2023-07-01 00:22:17.499,0.02006,10854.1,1688170937499,False
2023-07-01 00:22:17.499,0.02006,4353.8,1688170937499,False
2023-07-01 00:22:17.499,0.02006,11759.8,1688170937499,False
2023-07-01 00:22:17.499,0.02006,6320.7,1688170937499,False
2023-07-01 00:22:17.499,0.02006,2499.4,1688170937499,False
2023-07-01 00:22:17.499,0.02006,548.3,1688170937499,False
2023-07-01 00:22:17.499,0.02007,2501.3,1688170937499,False
2023-07-01 00:22:17.499,0.02006,4353.5,1688170937499,False
2023-07-01 00:22:17.499,0.02007,16724.8,1688170937499,False
2023-07-01 00:22:17.499,0.02007,1905.5,1688170937499,False
2023-07-01 00:22:17.499,0.02007,10883.7,1688170937499,False
2023-07-01 00:22:17.499,0.02007,11759.8,1688170937499,False
2023-07-01 00:22:17.502,0.02007,6320.7,1688170937502,True
2023-07-01 00:22:17.502,0.02007,3717.9,1688170937502,True
2023-07-01 00:22:17.503,0.02007,36837.7,1688170937503,True
2023-07-01 00:22:17.503,0.02007,1447.0,1688170937503,True
2023-07-01 00:22:17.503,0.02007,598.0,1688170937503,True
2023-07-01 00:22:17.503,0.02007,70829.1,1688170937503,True
2023-07-01 00:22:17.503,0.02007,8271.5,1688170937503,True
2023-07-01 00:22:17.503,0.02007,598.0,1688170937503,True
2023-07-01 00:22:17.504,0.02004,598.0,1688170937504,True
2023-07-01 00:22:17.504,0.02004,1197.0,1688170937504,True
2023-07-01 00:22:17.504,0.02007,2230.9,1688170937504,True
2023-07-01 00:22:17.504,0.02007,28423.9,1688170937504,True
2023-07-01 00:22:17.510,0.02004,598.0,1688170937510,True
2023-07-01 00:22:17.510,0.02004,598.0,1688170937510,True
2023-07-01 00:22:17.518,0.02004,13925.5,1688170937518,True
2023-07-01 00:22:22.204,0.02006,11759.8,1688170942204,False
2023-07-01 00:22:22.218,0.02006,11759.8,1688170942218,False
2023-07-01 00:22:40.081,0.02007,38496.6,1688170960081,False
2023-07-01 00:22:40.081,0.02007,11759.8,1688170960081,False
2023-07-01 00:22:40.082,0.02007,5002.8,1688170960082,False
2023-07-01 00:23:03.323,0.0201,2508.9,1688170983323,False
2023-07-01 00:23:30.413,0.0201,11759.8,1688171010413,True
2023-07-01 00:23:30.413,0.0201,2500.0,1688171010413,True
2023-07-01 00:23:31.512,0.0201,1130.0,1688171011512,True
2023-07-01 00:23:32.209,0.02009,11759.8,1688171012209,True
2023-07-01 00:23:47.914,0.02008,2463.0,1688171027914,True
2023-07-01 00:24:15.856,0.0201,547.2,1688171055856,False
2023-07-01 00:24:54.579,0.02011,1138.3,1688171094579,False
2023-07-01 00:25:04.610,0.02011,1243.9,1688171104610,False
2023-07-01 00:25:04.610,0.02011,2500.0,1688171104610,False
2023-07-01 00:25:05.883,0.02011,42000.0,1688171105883,True
2023-07-01 00:25:05.886,0.02011,26524.0,1688171105886,True
2023-07-01 00:25:21.412,0.02012,1084.0,1688171121412,False
2023-07-01 00:25:24.128,0.02012,1084.0,1688171124128,False
2023-07-01 00:25:35.138,0.02012,2078.8,1688171135138,False
2023-07-01 00:26:14.164,0.02007,2500.0,1688171174164,True
2023-07-01 00:27:04.063,0.02012,8357.7,1688171224063,False
2023-07-01 00:27:04.063,0.02012,6636.9,1688171224063,False
2023-07-01 00:27:04.067,0.02012,4340.4,1688171224067,False
2023-07-01 00:27:04.067,0.02012,3402.1,1688171224067,False
2023-07-01 00:27:04.069,0.02012,4339.8,1688171224069,False
2023-07-01 00:27:04.069,0.02012,4340.4,1688171224069,False
2023-07-01 00:27:04.069,0.02012,4340.4,1688171224069,False
2023-07-01 00:27:04.069,0.02012,4340.4,1688171224069,False
2023-07-01 00:27:04.069,0.02012,4340.4,1688171224069,False
2023-07-01 00:27:04.069,0.02012,4340.4,1688171224069,False
2023-07-01 00:27:04.069,0.02012,4340.4,1688171224069,False
2023-07-01 00:27:04.069,0.02012,4340.4,1688171224069,False
2023-07-01 00:27:04.069,0.02012,4340.4,1688171224069,False
2023-07-01 00:27:05.208,0.02011,556.0,1688171225208,True
2023-07-01 00:27:05.492,0.02011,705.0,1688171225492,True
2023-07-01 00:27:14.699,0.02011,11759.8,1688171234699,True
2023-07-01 00:27:14.746,0.0201,11759.8,1688171234746,True
2023-07-01 00:27:33.091,0.02012,4340.6,1688171253091,False
2023-07-01 00:27:33.091,0.02012,2294.0,1688171253091,False
2023-07-01 00:27:33.091,0.02012,4340.6,1688171253091,False
2023-07-01 00:27:33.091,0.02012,4340.6,1688171253091,False
2023-07-01 00:27:33.091,0.02012,4340.6,1688171253091,False
2023-07-01 00:27:33.106,0.02012,2046.6,1688171253106,False
2023-07-01 00:27:33.109,0.02012,769.9,1688171253109,False
2023-07-01 00:27:33.109,0.02012,3570.7,1688171253109,False
2023-07-01 00:27:33.109,0.02012,3571.1,1688171253109,False
2023-07-01 00:27:33.110,0.02012,769.5,1688171253110,False
2023-07-01 00:27:33.110,0.02012,4340.6,1688171253110,False
2023-07-01 00:27:33.110,0.02012,4340.6,1688171253110,False
2023-07-01 00:27:33.110,0.02012,4340.2,1688171253110,False
2023-07-01 00:27:45.797,0.02013,4338.3,1688171265797,False
2023-07-01 00:27:45.797,0.02013,1006.7,1688171265797,False
2023-07-01 00:27:45.805,0.02013,4338.3,1688171265805,False
2023-07-01 00:27:45.805,0.02013,0.4,1688171265805,False
2023-07-01 00:28:09.362,0.02013,0.4,1688171289362,False
2023-07-01 00:28:09.362,0.02013,4338.7,1688171289362,False
2023-07-01 00:28:09.362,0.02013,4338.7,1688171289362,False
2023-07-01 00:28:09.362,0.02013,3906.2,1688171289362,False
2023-07-01 00:28:09.366,0.02013,667.5,1688171289366,False
2023-07-01 00:28:09.366,0.02013,432.5,1688171289366,False
2023-07-01 00:28:09.370,0.02013,3671.0,1688171289370,False
2023-07-01 00:28:09.370,0.02013,3671.2,1688171289370,False
2023-07-01 00:28:09.372,0.02013,3003.5,1688171289372,False
2023-07-01 00:28:09.372,0.02013,667.7,1688171289372,False
2023-07-01 00:28:09.374,0.02013,2002.7,1688171289374,False
2023-07-01 00:28:09.374,0.02013,1236.3,1688171289374,False
2023-07-01 00:28:09.374,0.02013,1335.2,1688171289374,False
2023-07-01 00:28:09.374,0.02013,2336.0,1688171289374,False
2023-07-01 00:28:09.375,0.02013,1100.0,1688171289375,False
2023-07-01 00:28:09.376,0.02013,2001.6,1688171289376,False
2023-07-01 00:28:09.381,0.02014,4395.8,1688171289381,False
2023-07-01 00:28:09.381,0.02014,526.7,1688171289381,False
2023-07-01 00:28:09.384,0.02014,3490.0,1688171289384,False
2023-07-01 00:28:09.385,0.02014,2738.9,1688171289385,False
2023-07-01 00:28:09.387,0.02014,1432.5,1688171289387,False
2023-07-01 00:28:09.406,0.02014,2196.5,1688171289406,True
2023-07-01 00:28:11.932,0.02013,1444.4,1688171291932,True
2023-07-01 00:28:25.205,0.02015,1701.7,1688171305205,False
2023-07-01 00:28:25.205,0.02015,4545.3,1688171305205,False
2023-07-01 00:28:25.211,0.02015,0.3,1688171305211,False
2023-07-01 00:28:28.982,0.02015,1137.2,1688171308982,True
2023-07-01 00:28:29.252,0.02015,945.7,1688171309252,True
2023-07-01 00:28:29.594,0.02016,3590.2,1688171309594,False
2023-07-01 00:28:29.594,0.02016,4331.5,1688171309594,False
2023-07-01 00:28:29.594,0.02016,4331.5,1688171309594,False
2023-07-01 00:28:29.594,0.02016,4331.5,1688171309594,False
2023-07-01 00:28:29.594,0.02016,4331.5,1688171309594,False
2023-07-01 00:28:29.594,0.02016,4331.5,1688171309594,False
2023-07-01 00:28:29.594,0.02016,4331.5,1688171309594,False
2023-07-01 00:28:29.594,0.02016,4331.5,1688171309594,False
2023-07-01 00:28:29.594,0.02016,4331.5,1688171309594,False
2023-07-01 00:28:29.594,0.02016,3660.6,1688171309594,False
2023-07-01 00:28:30.557,0.02015,975.2,1688171310557,True
2023-07-01 00:28:38.615,0.02016,741.3,1688171318615,False
2023-07-01 00:28:47.234,0.02016,3230.8,1688171327234,False
2023-07-01 00:28:47.234,0.02016,1100.0,1688171327234,False
2023-07-01 00:28:50.942,0.02015,7252.0,1688171330942,True
2023-07-01 00:28:50.942,0.02015,2037.1,1688171330942,True
2023-07-01 00:28:50.942,0.02015,11164.9,1688171330942,True
2023-07-01 00:28:50.942,0.02016,11561.4,1688171330942,True
2023-07-01 00:28:50.942,0.02015,10784.6,1688171330942,True
2023-07-01 00:28:50.948,0.02016,10000.0,1688171330948,False
2023-07-01 00:28:53.436,0.02017,4119.7,1688171333436,False
2023-07-01 00:28:54.979,0.02016,2713.1,1688171334979,True
2023-07-01 00:29:11.670,0.02017,2684.0,1688171351670,False
2023-07-01 00:29:18.096,0.02016,13849.9,1688171358096,True
2023-07-01 00:29:18.096,0.02016,8425.6,1688171358096,True
2023-07-01 00:29:18.096,0.02015,665.1,1688171358096,True
2023-07-01 00:29:18.096,0.02015,6320.7,1688171358096,True
2023-07-01 00:29:18.096,0.02015,13138.7,1688171358096,True
2023-07-01 00:29:18.433,0.02015,19935.0,1688171358433,True
2023-07-01 00:29:19.480,0.02015,16241.6,1688171359480,True
2023-07-01 00:29:19.480,0.02015,4776.4,1688171359480,True
2023-07-01 00:29:39.258,0.02015,8274.1,1688171379258,True
2023-07-01 00:29:39.258,0.02016,13978.6,1688171379258,True
2023-07-01 00:29:45.241,0.02016,26855.3,1688171385241,True
2023-07-01 00:29:45.241,0.02016,15499.3,1688171385241,True
2023-07-01 00:29:55.290,0.02016,2310.6,1688171395290,True
2023-07-01 00:30:01.757,0.02017,0.3,1688171401757,False
2023-07-01 00:30:05.850,0.02017,29898.3,1688171405850,True
2023-07-01 00:30:05.855,0.02017,19679.9,1688171405855,True
2023-07-01 00:30:06.287,0.02016,10066.6,1688171406287,True
2023-07-01 00:30:50.146,0.02017,10000.0,1688171450146,False
2023-07-01 00:30:54.200,0.02018,4328.2,1688171454200,False
2023-07-01 00:30:54.200,0.02018,2741.8,1688171454200,False
2023-07-01 00:30:54.207,0.02018,4328.2,1688171454207,False
2023-07-01 00:30:54.210,0.02018,4328.2,1688171454210,False
2023-07-01 00:30:54.564,0.02018,4328.0,1688171454564,False
2023-07-01 00:30:54.808,0.02017,1304.6,1688171454808,True
2023-07-01 00:31:21.809,0.02017,2478.9,1688171481809,True
2023-07-01 00:31:29.646,0.02017,2993.3,1688171489646,True
2023-07-01 00:31:29.915,0.02018,1090.9,1688171489915,False
2023-07-01 00:31:29.915,0.02018,0.2,1688171489915,False
2023-07-01 00:31:45.030,0.02018,3237.0,1688171505030,False
2023-07-01 00:31:45.033,0.02018,2508.5,1688171505033,False
2023-07-01 00:31:45.033,0.02018,2446.9,1688171505033,False
2023-07-01 00:31:45.033,0.02018,3074.1,1688171505033,False
2023-07-01 00:31:45.033,0.02018,1881.3,1688171505033,False
2023-07-01 00:31:45.033,0.02018,0.3,1688171505033,False
2023-07-01 00:31:45.033,0.02018,4328.2,1688171505033,False
2023-07-01 00:31:45.033,0.02018,626.9,1688171505033,False
2023-07-01 00:31:45.033,0.02018,3701.3,1688171505033,False
2023-07-01 00:31:45.033,0.02018,1254.1,1688171505033,False
2023-07-01 00:31:45.037,0.02018,1818.8,1688171505037,False
2023-07-01 00:31:45.596,0.0202,9189.5,1688171505596,False
2023-07-01 00:31:45.596,0.0202,3580.7,1688171505596,False
2023-07-01 00:31:45.596,0.02019,14101.9,1688171505596,False
2023-07-01 00:31:45.644,0.02018,7290.5,1688171505644,True
2023-07-01 00:31:48.213,0.02018,545.7,1688171508213,True
2023-07-01 00:31:48.694,0.02019,0.4,1688171508694,False
2023-07-01 00:31:48.694,0.02019,4325.6,1688171508694,False
2023-07-01 00:31:48.697,0.02019,627.7,1688171508697,False
2023-07-01 00:31:48.697,0.02019,4325.2,1688171508697,False
2023-07-01 00:31:48.698,0.02019,3697.9,1688171508698,False
2023-07-01 00:31:48.698,0.02019,2509.0,1688171508698,False
2023-07-01 00:31:48.698,0.02019,2443.3,1688171508698,False
2023-07-01 00:31:48.698,0.02019,2509.6,1688171508698,False
2023-07-01 00:31:48.698,0.02019,1816.0,1688171508698,False
2023-07-01 00:31:48.698,0.02019,1882.3,1688171508698,False
2023-07-01 00:31:48.698,0.02019,3070.6,1688171508698,False
2023-07-01 00:31:48.698,0.02019,1255.0,1688171508698,False
2023-07-01 00:31:48.702,0.02019,1816.6,1688171508702,False
2023-07-01 00:31:48.702,0.02019,626.7,1688171508702,False
2023-07-01 00:31:48.702,0.02019,2443.0,1688171508702,False
2023-07-01 00:31:48.703,0.02019,1100.0,1688171508703,False
2023-07-01 00:31:48.704,0.02019,1660.1,1688171508704,False
2023-07-01 00:31:48.704,0.02019,155.9,1688171508704,False
2023-07-01 00:31:48.707,0.02019,2665.5,1688171508707,False
2023-07-01 00:31:48.707,0.02019,1033.5,1688171508707,False
2023-07-01 00:31:48.707,0.02019,1255.6,1688171508707,False
2023-07-01 00:31:48.708,0.02019,2036.2,1688171508708,False
2023-07-01 00:32:00.613,0.02019,4325.8,1688171520613,False
2023-07-01 00:32:28.611,0.02019,0.1,1688171548611,False
2023-07-01 00:32:28.611,0.02019,3472.9,1688171548611,False
2023-07-01 00:32:28.615,0.02019,853.0,1688171548615,False
2023-07-01 00:32:28.615,0.02019,247.0,1688171548615,False
2023-07-01 00:32:28.616,0.02019,853.0,1688171548616,False
2023-07-01 00:32:28.617,0.02019,853.0,1688171548617,False
2023-07-01 00:32:28.617,0.02019,2580.0,1688171548617,False
2023-07-01 00:32:28.617,0.02019,2372.9,1688171548617,False
2023-07-01 00:32:28.618,0.02019,1745.9,1688171548618,False
2023-07-01 00:32:28.618,0.02019,1118.9,1688171548618,False
2023-07-01 00:32:28.618,0.02019,3834.0,1688171548618,False
2023-07-01 00:32:28.618,0.02019,491.9,1688171548618,False
2023-07-01 00:32:28.618,0.02019,3207.0,1688171548618,False
2023-07-01 00:32:28.618,0.02019,4325.9,1688171548618,False
2023-07-01 00:32:28.618,0.02019,135.1,1688171548618,False
2023-07-01 00:32:28.618,0.02019,4079.0,1688171548618,False
2023-07-01 00:32:28.619,0.0202,845.8,1688171548619,False
2023-07-01 00:32:28.619,0.02019,3114.1,1688171548619,False
2023-07-01 00:32:28.619,0.02019,111.8,1688171548619,False
2023-07-01 00:32:28.619,0.02019,4325.5,1688171548619,False
2023-07-01 00:32:28.619,0.02019,1211.8,1688171548619,False
2023-07-01 00:32:28.621,0.0202,1139.5,1688171548621,False
2023-07-01 00:32:28.621,0.0202,4507.0,1688171548621,False
2023-07-01 00:32:28.621,0.0202,1000.0,1688171548621,False
2023-07-01 00:32:28.621,0.0202,27.1,1688171548621,False
2023-07-01 00:32:28.625,0.0202,3533.9,1688171548625,False
2023-07-01 00:32:28.625,0.0202,600.0,1688171548625,False
2023-07-01 00:32:28.625,0.0202,883.1,1688171548625,False
2023-07-01 00:32:28.632,0.0202,54364.6,1688171548632,False
2023-07-01 00:32:28.632,0.0202,19024.0,1688171548632,False
2023-07-01 00:32:28.632,0.0202,11759.8,1688171548632,False
2023-07-01 00:32:29.516,0.0202,5662.1,1688171549516,True
2023-07-01 00:32:30.221,0.0202,511.0,1688171550221,True
2023-07-01 00:32:33.801,0.0202,0.2,1688171553801,False
2023-07-01 00:32:33.801,0.0202,4325.8,1688171553801,False
2023-07-01 00:32:33.806,0.0202,4325.6,1688171553806,False
2023-07-01 00:32:33.810,0.0202,4325.8,1688171553810,False
2023-07-01 00:32:33.814,0.0202,4325.8,1688171553814,False
2023-07-01 00:32:33.818,0.0202,4325.8,1688171553818,False
2023-07-01 00:32:33.901,0.0202,4325.8,1688171553901,False
2023-07-01 00:32:34.199,0.0202,4325.8,1688171554199,False
2023-07-01 00:32:34.199,0.0202,0.2,1688171554199,False
2023-07-01 00:32:34.600,0.0202,0.4,1688171554600,False
2023-07-01 00:32:34.600,0.0202,4325.6,1688171554600,False
2023-07-01 00:32:34.603,0.0202,4325.0,1688171554603,False
2023-07-01 00:32:39.027,0.0202,0.4,1688171559027,False
2023-07-01 00:32:39.027,0.0202,2475.1,1688171559027,False
2023-07-01 00:32:39.032,0.0202,2475.1,1688171559032,False
2023-07-01 00:32:39.032,0.0202,0.1,1688171559032,False
2023-07-01 00:32:39.037,0.0202,1850.3,1688171559037,False
2023-07-01 00:32:40.512,0.0202,14627.0,1688171560512,True
2023-07-01 00:32:40.517,0.0202,0.3,1688171560517,True
2023-07-01 00:32:50.812,0.02021,3121.3,1688171570812,False
2023-07-01 00:32:51.297,0.0202,8047.8,1688171571297,True
2023-07-01 00:33:04.821,0.02021,2236.0,1688171584821,False
2023-07-01 00:33:22.572,0.02021,20000.0,1688171602572,False
2023-07-01 00:33:22.578,0.02021,7564.9,1688171602578,False
2023-07-01 00:33:22.581,0.02021,4181.0,1688171602581,False
2023-07-01 00:33:22.581,0.02021,2331.0,1688171602581,False
2023-07-01 00:33:22.586,0.02021,1052.6,1688171602586,False
2023-07-01 00:33:22.628,0.02021,1284.6,1688171602628,False
2023-07-01 00:33:22.628,0.02021,2188.4,1688171602628,False
2023-07-01 00:33:26.704,0.02021,3039.0,1688171606704,False
2023-07-01 00:33:26.704,0.02021,434.0,1688171606704,False
2023-07-01 00:33:26.925,0.02021,3889.6,1688171606925,False
2023-07-01 00:33:26.925,0.02021,0.4,1688171606925,False
2023-07-01 00:33:26.929,0.02021,1100.0,1688171606929,False
2023-07-01 00:33:26.931,0.02021,2790.0,1688171606931,False
2023-07-01 00:33:26.932,0.02021,2790.0,1688171606932,False
2023-07-01 00:33:26.932,0.02021,433.2,1688171606932,False
2023-07-01 00:33:26.935,0.02021,0.4,1688171606935,False
2023-07-01 00:33:26.935,0.02021,1533.6,1688171606935,False
2023-07-01 00:33:26.937,0.02021,4323.0,1688171606937,False
2023-07-01 00:33:26.940,0.02021,3699.4,1688171606940,False
2023-07-01 00:33:26.940,0.02021,3075.0,1688171606940,False
2023-07-01 00:33:26.940,0.02021,4323.6,1688171606940,False
2023-07-01 00:33:26.940,0.02021,624.2,1688171606940,False
2023-07-01 00:33:26.940,0.02021,1248.6,1688171606940,False
2023-07-01 00:33:26.940,0.02021,2497.4,1688171606940,False
2023-07-01 00:33:26.940,0.02021,2450.6,1688171606940,False
2023-07-01 00:33:26.940,0.02021,1873.0,1688171606940,False
2023-07-01 00:33:26.940,0.02021,0.2,1688171606940,False
2023-07-01 00:33:26.943,0.02021,1826.2,1688171606943,False
2023-07-01 00:33:27.065,0.02021,2317.4,1688171607065,True
2023-07-01 00:33:27.089,0.02021,461.3,1688171607089,True
2023-07-01 00:33:27.089,0.02021,182.6,1688171607089,True
2023-07-01 00:33:27.812,0.02023,528.3,1688171607812,False
2023-07-01 00:33:27.812,0.02023,3939.7,1688171607812,False
2023-07-01 00:33:28.526,0.02021,2030.7,1688171608526,True
2023-07-01 00:33:28.526,0.02021,4978.7,1688171608526,True
2023-07-01 00:33:30.014,0.02022,40000.0,1688171610014,True
2023-07-01 00:33:52.058,0.02022,2471.6,1688171632058,False
2023-07-01 00:33:57.596,0.02022,2817.0,1688171637596,False
2023-07-01 00:33:58.155,0.02022,13086.0,1688171638155,True
2023-07-01 00:33:58.166,0.02022,0.1,1688171638166,True
2023-07-01 00:34:01.799,0.02021,9247.0,1688171641799,True
2023-07-01 00:34:50.809,0.0202,52895.3,1688171690809,True
2023-07-01 00:34:50.809,0.0202,10845.8,1688171690809,True
2023-07-01 00:34:56.793,0.02019,10559.0,1688171696793,True
2023-07-01 00:34:56.793,0.02019,10378.0,1688171696793,True
2023-07-01 00:34:56.793,0.02019,10804.0,1688171696793,True
2023-07-01 00:34:56.793,0.02019,10804.0,1688171696793,True
2023-07-01 00:34:56.793,0.02019,11286.0,1688171696793,True
2023-07-01 00:34:56.793,0.02019,10689.0,1688171696793,True
2023-07-01 00:34:56.793,0.02019,11191.0,1688171696793,True
2023-07-01 00:34:56.793,0.02019,10621.0,1688171696793,True
2023-07-01 00:34:56.793,0.02019,10655.0,1688171696793,True
2023-07-01 00:34:56.793,0.02019,10678.0,1688171696793,True
2023-07-01 00:34:56.793,0.02019,10828.0,1688171696793,True
2023-07-01 00:34:56.793,0.02019,9898.5,1688171696793,True
2023-07-01 00:34:56.793,0.02019,10922.0,1688171696793,True
2023-07-01 00:34:56.793,0.02019,10389.0,1688171696793,True
2023-07-01 00:34:56.793,0.02019,10346.0,1688171696793,True
2023-07-01 00:34:56.793,0.02019,9770.0,1688171696793,True
2023-07-01 00:34:56.793,0.02019,10542.0,1688171696793,True
2023-07-01 00:34:56.793,0.02019,10712.0,1688171696793,True
2023-07-01 00:34:56.793,0.02019,10649.0,1688171696793,True
2023-07-01 00:34:56.793,0.02019,11098.0,1688171696793,True
2023-07-01 00:34:56.793,0.02019,9052.4,1688171696793,True
2023-07-01 00:34:56.793,0.02019,10378.0,1688171696793,True
2023-07-01 00:34:56.793,0.02019,10695.0,1688171696793,True
2023-07-01 00:34:56.793,0.02019,10621.0,1688171696793,True
2023-07-01 00:34:56.793,0.02019,10683.0,1688171696793,True
2023-07-01 00:34:56.793,0.02019,11312.0,1688171696793,True
2023-07-01 00:34:56.793,0.02019,10520.0,1688171696793,True
2023-07-01 00:34:56.798,0.02019,1379.6,1688171696798,True
2023-07-01 00:34:56.798,0.02019,10712.0,1688171696798,True
2023-07-01 00:34:56.798,0.02019,1033.6,1688171696798,True
2023-07-01 00:34:56.798,0.02019,11293.0,1688171696798,True
2023-07-01 00:34:56.807,0.02019,10278.4,1688171696807,True
2023-07-01 00:34:56.810,0.02019,4621.0,1688171696810,False
2023-07-01 00:34:56.860,0.02018,6870.0,1688171696860,True
2023-07-01 00:34:57.080,0.02018,10000.0,1688171697080,False
2023-07-01 00:34:57.495,0.02018,4899.4,1688171697495,True
2023-07-01 00:34:57.495,0.02017,2540.8,1688171697495,True
2023-07-01 00:34:58.479,0.02017,6001.6,1688171698479,True
2023-07-01 00:35:00.480,0.02017,5615.7,1688171700480,True
2023-07-01 00:35:07.980,0.02015,7444.1,1688171707980,True
2023-07-01 00:35:07.980,0.02015,10845.8,1688171707980,True
2023-07-01 00:35:07.980,0.02015,11759.8,1688171707980,True
2023-07-01 00:35:08.731,0.02016,10000.0,1688171708731,False
2023-07-01 00:35:08.731,0.02017,1026.7,1688171708731,False
2023-07-01 00:35:08.731,0.02015,18962.5,1688171708731,False
2023-07-01 00:35:08.731,0.02016,6320.7,1688171708731,False
2023-07-01 00:35:08.731,0.02016,11759.8,1688171708731,False
2023-07-01 00:35:09.732,0.02016,11759.8,1688171709732,False
2023-07-01 00:35:09.732,0.02017,4565.5,1688171709732,False
2023-07-01 00:35:09.732,0.02017,10733.1,1688171709732,False
2023-07-01 00:35:09.732,0.02017,2362.4,1688171709732,False
2023-07-01 00:35:09.732,0.02016,2230.9,1688171709732,False
2023-07-01 00:35:09.732,0.02016,11618.8,1688171709732,False
2023-07-01 00:35:09.732,0.02017,6320.7,1688171709732,False
2023-07-01 00:35:18.612,0.02017,9405.8,1688171718612,False
2023-07-01 00:35:18.622,0.02017,2353.8,1688171718622,False
2023-07-01 00:35:18.622,0.02017,2451.2,1688171718622,False
2023-07-01 00:35:18.632,0.02017,4601.0,1688171718632,False
2023-07-01 00:35:18.639,0.02017,4805.0,1688171718639,False
2023-07-01 00:35:18.791,0.02017,10000.0,1688171718791,True
2023-07-01 00:35:20.677,0.02015,24.2,1688171720677,True
2023-07-01 00:35:20.677,0.02015,2485.8,1688171720677,True
2023-07-01 00:35:30.535,0.02015,1477.4,1688171730535,True
2023-07-01 00:35:30.538,0.02015,9368.4,1688171730538,True
2023-07-01 00:35:30.965,0.02014,887.3,1688171730965,True
2023-07-01 00:35:33.493,0.02015,887.3,1688171733493,True
2023-07-01 00:35:33.511,0.02014,56.0,1688171733511,True
2023-07-01 00:35:33.511,0.02014,989.8,1688171733511,True
2023-07-01 00:35:49.780,0.02014,9856.0,1688171749780,True
2023-07-01 00:35:49.780,0.02014,11759.8,1688171749780,True
2023-07-01 00:35:53.077,0.02014,50579.8,1688171753077,False
2023-07-01 00:35:53.425,0.02016,9112.7,1688171753425,True
2023-07-01 00:36:03.453,0.02015,1506.7,1688171763453,True
2023-07-01 00:36:14.865,0.02015,10253.1,1688171774865,True
2023-07-01 00:36:30.217,0.02015,1010.0,1688171790217,False
2023-07-01 00:36:37.357,0.02014,835.5,1688171797357,True
2023-07-01 00:36:46.690,0.02014,4000.6,1688171806690,True
2023-07-01 00:36:47.804,0.02014,10845.8,1688171807804,True
2023-07-01 00:36:54.230,0.02013,9928.0,1688171814230,True
2023-07-01 00:36:54.230,0.02013,10845.8,1688171814230,True
2023-07-01 00:36:54.450,0.02012,11759.8,1688171814450,True
2023-07-01 00:36:54.450,0.02012,10520.0,1688171814450,True
2023-07-01 00:36:54.450,0.02012,10845.8,1688171814450,True
2023-07-01 00:36:55.442,0.02011,512.5,1688171815442,True
2023-07-01 00:37:06.613,0.02012,7626.0,1688171826613,True
2023-07-01 00:37:27.071,0.02012,2933.0,1688171847071,True
2023-07-01 00:37:30.729,0.02011,1292.2,1688171850729,False
2023-07-01 00:37:31.407,0.0201,3234.7,1688171851407,True
2023-07-01 00:37:31.407,0.0201,16765.3,1688171851407,True
2023-07-01 00:37:32.152,0.0201,20000.0,1688171852152,True
2023-07-01 00:37:32.710,0.0201,16620.5,1688171852710,True
2023-07-01 00:37:32.710,0.0201,3379.5,1688171852710,True
2023-07-01 00:37:33.258,0.0201,10845.8,1688171853258,True
2023-07-01 00:37:33.258,0.0201,6320.7,1688171853258,True
2023-07-01 00:37:33.258,0.0201,491.5,1688171853258,True
2023-07-01 00:37:33.258,0.0201,2342.0,1688171853258,True
2023-07-01 00:37:33.832,0.0201,10102.5,1688171853832,True
2023-07-01 00:37:33.832,0.0201,9897.5,1688171853832,True
2023-07-01 00:37:34.389,0.0201,701.5,1688171854389,True
2023-07-01 00:37:34.389,0.0201,10689.0,1688171854389,True
2023-07-01 00:37:34.389,0.0201,8609.5,1688171854389,True
2023-07-01 00:37:34.934,0.0201,6797.5,1688171854934,True
2023-07-01 00:37:34.934,0.0201,11191.0,1688171854934,True
2023-07-01 00:37:34.934,0.0201,2011.5,1688171854934,True
2023-07-01 00:37:35.052,0.0201,2972.0,1688171855052,True
2023-07-01 00:37:35.057,0.0201,0.5,1688171855057,True
2023-07-01 00:37:35.502,0.02009,9154.2,1688171855502,True
2023-07-01 00:37:35.502,0.02009,10845.8,1688171855502,True
2023-07-01 00:37:36.059,0.02009,10689.0,1688171856059,True
2023-07-01 00:37:36.059,0.02009,8087.2,1688171856059,True
2023-07-01 00:37:36.059,0.02009,1223.8,1688171856059,True
2023-07-01 00:37:36.611,0.02009,10828.0,1688171856611,True
2023-07-01 00:37:36.611,0.02009,2624.8,1688171856611,True
2023-07-01 00:37:36.611,0.02009,6547.2,1688171856611,True
2023-07-01 00:37:37.171,0.02009,4147.8,1688171857171,True
2023-07-01 00:37:37.171,0.02009,4559.2,1688171857171,True
2023-07-01 00:37:37.171,0.02009,11293.0,1688171857171,True
2023-07-01 00:37:37.711,0.02009,2535.2,1688171857711,True
2023-07-01 00:37:37.711,0.02009,10712.0,1688171857711,True
2023-07-01 00:37:37.711,0.02009,6752.8,1688171857711,True
2023-07-01 00:37:38.252,0.02009,1053.2,1688171858252,True
2023-07-01 00:37:38.252,0.02009,8268.8,1688171858252,True
2023-07-01 00:37:38.252,0.02009,10678.0,1688171858252,True
2023-07-01 00:37:38.812,0.02009,10707.2,1688171858812,True
2023-07-01 00:37:38.812,0.02009,9292.8,1688171858812,True
2023-07-01 00:37:39.357,0.02009,390.8,1688171859357,True
2023-07-01 00:37:39.357,0.02009,8297.2,1688171859357,True
2023-07-01 00:37:39.357,0.02009,11312.0,1688171859357,True
2023-07-01 00:37:39.908,0.02008,16764.8,1688171859908,True
2023-07-01 00:37:39.908,0.02008,3235.2,1688171859908,True
2023-07-01 00:37:40.875,0.02009,10678.0,1688171860875,True
2023-07-01 00:37:40.875,0.02009,9322.0,1688171860875,True
2023-07-01 00:37:41.444,0.02009,1990.0,1688171861444,True
2023-07-01 00:37:41.444,0.02009,6912.0,1688171861444,True
2023-07-01 00:37:41.444,0.02009,11098.0,1688171861444,True
2023-07-01 00:37:42.013,0.02009,3434.0,1688171862013,True
2023-07-01 00:37:42.013,0.02009,10389.0,1688171862013,True
2023-07-01 00:37:42.013,0.02009,6177.0,1688171862013,True
2023-07-01 00:37:42.647,0.02009,10922.0,1688171862647,True
2023-07-01 00:37:42.647,0.02009,9078.0,1688171862647,True
2023-07-01 00:37:43.202,0.02008,7610.6,1688171863202,True
2023-07-01 00:37:43.202,0.02008,12389.4,1688171863202,True
2023-07-01 00:37:43.758,0.02008,2475.9,1688171863758,True
2023-07-01 00:37:43.758,0.02008,10520.0,1688171863758,True
2023-07-01 00:37:43.758,0.02008,4773.2,1688171863758,True
2023-07-01 00:37:43.758,0.02008,2230.9,1688171863758,True
2023-07-01 00:37:44.416,0.02008,20000.0,1688171864416,True
2023-07-01 00:37:47.925,0.02009,9659.0,1688171867925,True
2023-07-01 00:37:47.925,0.02009,10341.0,1688171867925,True
2023-07-01 00:37:48.479,0.02009,10712.0,1688171868479,True
2023-07-01 00:37:48.479,0.02009,1053.0,1688171868479,True
2023-07-01 00:37:48.479,0.02009,8235.0,1688171868479,True
2023-07-01 00:37:48.932,0.02011,955.0,1688171868932,False
2023-07-01 00:37:48.992,0.02011,2508.0,1688171868992,False
2023-07-01 00:37:49.100,0.0201,10712.0,1688171869100,True
2023-07-01 00:37:49.100,0.0201,9288.0,1688171869100,True
2023-07-01 00:37:49.731,0.0201,1634.0,1688171869731,True
2023-07-01 00:37:49.731,0.0201,7654.0,1688171869731,True
2023-07-01 00:37:49.731,0.0201,10712.0,1688171869731,True
2023-07-01 00:37:50.347,0.0201,10683.0,1688171870347,True
2023-07-01 00:37:50.347,0.0201,3658.0,1688171870347,True
2023-07-01 00:37:50.347,0.0201,5659.0,1688171870347,True
2023-07-01 00:37:50.950,0.0201,3677.0,1688171870950,True
2023-07-01 00:37:50.950,0.0201,5634.0,1688171870950,True
2023-07-01 00:37:50.950,0.0201,10689.0,1688171870950,True
2023-07-01 00:37:51.504,0.0201,2002.0,1688171871504,True
2023-07-01 00:37:51.504,0.0201,11286.0,1688171871504,True
2023-07-01 00:37:51.504,0.0201,6712.0,1688171871504,True
2023-07-01 00:37:51.910,0.02011,7739.6,1688171871910,False
2023-07-01 00:37:51.913,0.02011,2912.2,1688171871913,False
2023-07-01 00:37:51.913,0.02011,4019.8,1688171871913,False
2023-07-01 00:37:51.914,0.02011,6007.6,1688171871914,False
2023-07-01 00:37:51.916,0.02011,1732.4,1688171871916,False
2023-07-01 00:37:52.083,0.0201,10432.0,1688171872083,True
2023-07-01 00:37:52.083,0.0201,8653.0,1688171872083,True
2023-07-01 00:37:52.083,0.0201,915.0,1688171872083,True
2023-07-01 00:37:52.218,0.02011,10068.4,1688171872218,False
2023-07-01 00:37:52.218,0.02011,10000.0,1688171872218,False
2023-07-01 00:37:52.562,0.02011,1691.4,1688171872562,False
2023-07-01 00:37:52.706,0.0201,8809.0,1688171872706,True
2023-07-01 00:37:52.706,0.0201,11191.0,1688171872706,True
2023-07-01 00:37:52.712,0.0201,655.4,1688171872712,True
2023-07-01 00:37:53.265,0.0201,1633.6,1688171873265,True
2023-07-01 00:37:53.265,0.0201,7988.4,1688171873265,True
2023-07-01 00:37:53.265,0.0201,10378.0,1688171873265,True
2023-07-01 00:37:53.808,0.0201,9770.0,1688171873808,True
2023-07-01 00:37:53.808,0.0201,2632.6,1688171873808,True
2023-07-01 00:37:53.808,0.0201,7597.4,1688171873808,True
2023-07-01 00:37:54.345,0.0201,6406.4,1688171874345,True
2023-07-01 00:37:54.345,0.0201,10649.0,1688171874345,True
2023-07-01 00:37:54.345,0.0201,2944.6,1688171874345,True
2023-07-01 00:37:54.890,0.02009,2493.2,1688171874890,True
2023-07-01 00:37:54.890,0.0201,6320.7,1688171874890,True
2023-07-01 00:37:54.890,0.02009,11186.1,1688171874890,True
2023-07-01 00:37:55.446,0.02009,16764.8,1688171875446,True
2023-07-01 00:37:55.446,0.02009,573.7,1688171875446,True
2023-07-01 00:37:55.446,0.02009,2661.5,1688171875446,True
2023-07-01 00:37:55.882,0.0201,3463.0,1688171875882,False
2023-07-01 00:37:55.993,0.02009,8529.5,1688171875993,True
2023-07-01 00:37:55.993,0.02009,11312.0,1688171875993,True
2023-07-01 00:37:55.993,0.02009,158.5,1688171875993,True
2023-07-01 00:37:56.544,0.02009,9780.5,1688171876544,True
2023-07-01 00:37:56.544,0.02009,10219.5,1688171876544,True
2023-07-01 00:37:57.103,0.0201,8688.0,1688171877103,True
2023-07-01 00:37:57.103,0.0201,11312.0,1688171877103,True
2023-07-01 00:37:57.662,0.0201,7119.0,1688171877662,True
2023-07-01 00:37:57.662,0.0201,1690.0,1688171877662,True
2023-07-01 00:37:57.662,0.0201,11191.0,1688171877662,True
2023-07-01 00:37:57.666,0.0201,10678.0,1688171877666,True
2023-07-01 00:37:57.666,0.0201,10712.0,1688171877666,True
2023-07-01 00:37:57.666,0.0201,10621.0,1688171877666,True
2023-07-01 00:37:57.666,0.0201,10828.0,1688171877666,True
2023-07-01 00:37:57.666,0.0201,10649.0,1688171877666,True
2023-07-01 00:37:57.666,0.0201,11293.0,1688171877666,True
2023-07-01 00:37:57.666,0.0201,10621.0,1688171877666,True
2023-07-01 00:37:57.666,0.0201,11312.0,1688171877666,True
2023-07-01 00:37:57.666,0.0201,3317.5,1688171877666,True
2023-07-01 00:37:57.666,0.0201,10689.0,1688171877666,True
2023-07-01 00:37:57.666,0.0201,10683.0,1688171877666,True
2023-07-01 00:37:57.666,0.0201,10804.0,1688171877666,True
2023-07-01 00:37:57.666,0.0201,10389.0,1688171877666,True
2023-07-01 00:37:57.666,0.0201,10804.0,1688171877666,True
2023-07-01 00:37:57.666,0.0201,7337.5,1688171877666,True
2023-07-01 00:37:57.666,0.0201,10712.0,1688171877666,True
2023-07-01 00:37:57.666,0.0201,11312.0,1688171877666,True
2023-07-01 00:37:57.666,0.0201,10378.0,1688171877666,True
2023-07-01 00:37:57.666,0.0201,9770.0,1688171877666,True
2023-07-01 00:37:57.666,0.0201,10922.0,1688171877666,True
2023-07-01 00:37:57.666,0.0201,4167.0,1688171877666,True
2023-07-01 00:37:57.666,0.0201,10695.0,1688171877666,True
2023-07-01 00:37:57.672,0.02009,10542.0,1688171877672,True
2023-07-01 00:37:57.672,0.02009,8495.2,1688171877672,True
2023-07-01 00:37:57.672,0.02009,11098.0,1688171877672,True
2023-07-01 00:37:57.677,0.02009,11759.8,1688171877677,True
2023-07-01 00:37:57.677,0.02009,1936.8,1688171877677,True
2023-07-01 00:37:58.119,0.02009,11759.8,1688171878119,False
2023-07-01 00:37:59.107,0.02008,10346.0,1688171879107,True
2023-07-01 00:37:59.107,0.02008,16526.1,1688171879107,True
2023-07-01 00:38:00.775,0.02009,11759.8,1688171880775,False
2023-07-01 00:38:00.780,0.02008,1854.8,1688171880780,True
2023-07-01 00:38:00.780,0.02008,238.8,1688171880780,True
2023-07-01 00:38:00.780,0.02008,1884.0,1688171880780,True
2023-07-01 00:38:03.301,0.02009,11759.8,1688171883301,False
2023-07-01 00:38:13.427,0.02009,10341.0,1688171893427,True
2023-07-01 00:38:13.427,0.02009,9659.0,1688171893427,True
2023-07-01 00:38:13.430,0.02009,1145.0,1688171893430,True
2023-07-01 00:38:13.430,0.02009,11191.0,1688171893430,True
2023-07-01 00:38:13.430,0.02009,2409.0,1688171893430,True
2023-07-01 00:38:13.450,0.02009,10649.0,1688171893450,True
2023-07-01 00:38:14.028,0.02009,9196.0,1688171894028,True
2023-07-01 00:38:14.028,0.02009,10804.0,1688171894028,True
2023-07-01 00:38:14.587,0.02009,10341.0,1688171894587,True
2023-07-01 00:38:14.587,0.02009,1453.0,1688171894587,True
2023-07-01 00:38:14.587,0.02009,8206.0,1688171894587,True
2023-07-01 00:38:14.609,0.02009,6293.5,1688171894609,True
2023-07-01 00:38:14.609,0.02009,2985.0,1688171894609,True
2023-07-01 00:38:14.609,0.02009,10621.0,1688171894609,True
2023-07-01 00:38:15.224,0.02009,4534.5,1688171895224,True
2023-07-01 00:38:15.224,0.02009,10804.0,1688171895224,True
2023-07-01 00:38:15.224,0.02009,4661.5,1688171895224,True
2023-07-01 00:38:15.776,0.02009,2719.5,1688171895776,True
2023-07-01 00:38:15.776,0.02009,10649.0,1688171895776,True
2023-07-01 00:38:15.776,0.02009,6631.5,1688171895776,True
2023-07-01 00:38:16.322,0.02009,10341.0,1688171896322,True
2023-07-01 00:38:16.322,0.02009,1757.5,1688171896322,True
2023-07-01 00:38:16.322,0.02009,7901.5,1688171896322,True
2023-07-01 00:38:16.893,0.02009,10566.5,1688171896893,True
2023-07-01 00:38:16.893,0.02009,9433.5,1688171896893,True
2023-07-01 00:38:17.452,0.02009,8599.5,1688171897452,True
2023-07-01 00:38:17.452,0.02009,88.5,1688171897452,True
2023-07-01 00:38:17.452,0.02009,11312.0,1688171897452,True
2023-07-01 00:38:18.010,0.02009,6967.5,1688171898010,True
2023-07-01 00:38:18.010,0.02009,2204.5,1688171898010,True
2023-07-01 00:38:18.010,0.02009,10828.0,1688171898010,True
2023-07-01 00:38:18.403,0.0201,7781.6,1688171898403,False
2023-07-01 00:38:18.407,0.0201,926.2,1688171898407,False
2023-07-01 00:38:18.407,0.0201,4896.9,1688171898407,False
2023-07-01 00:38:18.410,0.0201,7770.8,1688171898410,False
2023-07-01 00:38:18.415,0.0201,3989.0,1688171898415,False
2023-07-01 00:38:18.415,0.0201,1118.2,1688171898415,False
2023-07-01 00:38:18.418,0.0201,1881.8,1688171898418,False
2023-07-01 00:38:18.554,0.02009,5651.5,1688171898554,True
2023-07-01 00:38:18.554,0.02009,3653.5,1688171898554,True
2023-07-01 00:38:18.554,0.02009,10695.0,1688171898554,True
2023-07-01 00:38:19.100,0.02009,4997.5,1688171899100,True
2023-07-01 00:38:19.100,0.02009,11293.0,1688171899100,True
2023-07-01 00:38:19.100,0.02009,3709.5,1688171899100,True
2023-07-01 00:38:19.685,0.02009,9770.0,1688171899685,True
2023-07-01 00:38:19.685,0.02009,2653.5,1688171899685,True
2023-07-01 00:38:19.685,0.02009,7576.5,1688171899685,True
2023-07-01 00:38:20.266,0.02009,1691.5,1688171900266,True
2023-07-01 00:38:20.266,0.02009,10341.0,1688171900266,True
2023-07-01 00:38:20.266,0.02009,7967.5,1688171900266,True
2023-07-01 00:38:20.829,0.02009,8997.5,1688171900829,True
2023-07-01 00:38:20.829,0.02009,11002.5,1688171900829,True
2023-07-01 00:38:21.273,0.0201,3463.0,1688171901273,False
2023-07-01 00:38:21.677,0.02009,9433.5,1688171901677,True
2023-07-01 00:38:21.677,0.02009,188.5,1688171901677,True
2023-07-01 00:38:21.677,0.02009,10378.0,1688171901677,True
2023-07-01 00:38:22.246,0.02009,10655.0,1688171902246,True
2023-07-01 00:38:22.246,0.02009,1370.5,1688171902246,True
2023-07-01 00:38:22.246,0.02009,7974.5,1688171902246,True
2023-07-01 00:38:22.807,0.02009,3337.5,1688171902807,True
2023-07-01 00:38:22.807,0.02009,6284.5,1688171902807,True
2023-07-01 00:38:22.807,0.02009,10378.0,1688171902807,True
2023-07-01 00:38:23.364,0.02009,4797.5,1688171903364,True
2023-07-01 00:38:23.364,0.02009,10804.0,1688171903364,True
2023-07-01 00:38:23.364,0.02009,4398.5,1688171903364,True
2023-07-01 00:38:23.825,0.0201,500.0,1688171903825,False
2023-07-01 00:38:23.825,0.02011,2963.0,1688171903825,False
2023-07-01 00:38:23.963,0.0201,10621.0,1688171903963,True
2023-07-01 00:38:23.963,0.0201,9379.0,1688171903963,True
2023-07-01 00:38:24.522,0.0201,1333.0,1688171904522,True
2023-07-01 00:38:24.522,0.0201,7978.0,1688171904522,True
2023-07-01 00:38:24.522,0.0201,10689.0,1688171904522,True
2023-07-01 00:38:25.063,0.0201,1792.0,1688171905063,True
2023-07-01 00:38:25.063,0.0201,7513.0,1688171905063,True
2023-07-01 00:38:25.063,0.0201,10695.0,1688171905063,True
2023-07-01 00:38:25.670,0.0201,11098.0,1688171905670,True
2023-07-01 00:38:25.670,0.0201,8902.0,1688171905670,True
2023-07-01 00:38:26.211,0.0201,6904.0,1688171906211,True
2023-07-01 00:38:26.211,0.0201,1810.0,1688171906211,True
2023-07-01 00:38:26.211,0.0201,11286.0,1688171906211,True
2023-07-01 00:38:26.766,0.0201,3638.0,1688171906766,True
2023-07-01 00:38:26.766,0.0201,6021.0,1688171906766,True
2023-07-01 00:38:26.766,0.0201,10341.0,1688171906766,True
2023-07-01 00:38:27.155,0.02011,3527.0,1688171907155,False
2023-07-01 00:38:27.310,0.0201,5272.0,1688171907310,True
2023-07-01 00:38:27.310,0.0201,3537.0,1688171907310,True
2023-07-01 00:38:27.310,0.0201,11191.0,1688171907310,True
2023-07-01 00:38:27.864,0.0201,6852.0,1688171907864,True
2023-07-01 00:38:27.864,0.02009,10346.0,1688171907864,True
2023-07-01 00:38:27.864,0.02009,2802.0,1688171907864,True
2023-07-01 00:38:28.428,0.02009,7718.0,1688171908428,True
2023-07-01 00:38:28.428,0.02009,12282.0,1688171908428,True
2023-07-01 00:38:28.981,0.02009,20000.0,1688171908981,True
2023-07-01 00:38:29.437,0.0201,3463.0,1688171909437,False
2023-07-01 00:38:31.172,0.02009,17494.0,1688171911172,True
2023-07-01 00:38:31.172,0.02009,2506.0,1688171911172,True
2023-07-01 00:38:31.729,0.02009,8416.0,1688171911729,True
2023-07-01 00:38:31.729,0.02009,1814.0,1688171911729,True
2023-07-01 00:38:31.729,0.02009,9770.0,1688171911729,True
2023-07-01 00:38:32.307,0.02009,8875.0,1688171912307,True
2023-07-01 00:38:32.307,0.02009,11125.0,1688171912307,True
2023-07-01 00:38:32.908,0.02009,10804.0,1688171912908,True
2023-07-01 00:38:32.908,0.02009,9196.0,1688171912908,True
2023-07-01 00:38:32.986,0.02009,1459.0,1688171912986,True
2023-07-01 00:38:33.470,0.02008,10845.8,1688171913470,True
2023-07-01 00:38:33.470,0.02008,9154.2,1688171913470,True
2023-07-01 00:38:34.038,0.02008,2605.6,1688171914038,True
2023-07-01 00:38:34.038,0.02008,10341.0,1688171914038,True
2023-07-01 00:38:34.038,0.02008,7053.4,1688171914038,True
2023-07-01 00:38:34.583,0.02008,3635.6,1688171914583,True
2023-07-01 00:38:34.583,0.02008,10649.0,1688171914583,True
2023-07-01 00:38:34.583,0.02008,5715.4,1688171914583,True
2023-07-01 00:38:35.002,0.02008,994.4,1688171915002,True
2023-07-01 00:38:35.139,0.02008,10621.0,1688171915139,True
2023-07-01 00:38:35.139,0.02008,5699.8,1688171915139,True
2023-07-01 00:38:35.139,0.02008,3679.2,1688171915139,True
2023-07-01 00:38:35.740,0.02008,9305.0,1688171915740,True
2023-07-01 00:38:35.740,0.02008,10695.0,1688171915740,True
2023-07-01 00:38:36.144,0.02009,9477.0,1688171916144,False
2023-07-01 00:38:36.325,0.02008,11312.0,1688171916325,True
2023-07-01 00:38:36.325,0.02008,1407.0,1688171916325,True
2023-07-01 00:38:36.325,0.02008,7281.0,1688171916325,True
2023-07-01 00:38:36.871,0.02008,10804.0,1688171916871,True
2023-07-01 00:38:36.871,0.02008,5856.0,1688171916871,True
2023-07-01 00:38:36.871,0.02008,3340.0,1688171916871,True
2023-07-01 00:38:37.415,0.02008,4217.0,1688171917415,True
2023-07-01 00:38:37.415,0.02008,5437.0,1688171917415,True
2023-07-01 00:38:37.415,0.02008,10346.0,1688171917415,True
2023-07-01 00:38:37.972,0.02008,3905.0,1688171917972,True
2023-07-01 00:38:37.972,0.02008,5553.0,1688171917972,True
2023-07-01 00:38:37.972,0.02008,10542.0,1688171917972,True
2023-07-01 00:38:37.997,0.02009,1084.0,1688171917997,False
2023-07-01 00:38:38.542,0.02008,10689.0,1688171918542,True
2023-07-01 00:38:38.542,0.02008,9311.0,1688171918542,True
2023-07-01 00:38:39.088,0.02008,10000.0,1688171919088,True
2023-07-01 00:38:39.088,0.02008,10000.0,1688171919088,True
2023-07-01 00:38:39.187,0.02008,1312.0,1688171919187,True
2023-07-01 00:38:39.643,0.02007,7473.8,1688171919643,True
2023-07-01 00:38:39.643,0.02007,766.4,1688171919643,True
2023-07-01 00:38:39.643,0.02008,11759.8,1688171919643,True
2023-07-01 00:38:39.839,0.02008,1062.2,1688171919839,True
2023-07-01 00:38:40.201,0.02008,10249.8,1688171920201,True
2023-07-01 00:38:40.201,0.02008,9750.2,1688171920201,True
2023-07-01 00:38:40.754,0.02008,2009.6,1688171920754,True
2023-07-01 00:38:40.754,0.02007,6678.4,1688171920754,True
2023-07-01 00:38:40.754,0.02008,11312.0,1688171920754,True
2023-07-01 00:38:41.204,0.02009,3463.0,1688171921204,False
2023-07-01 00:38:41.303,0.02008,8240.2,1688171921303,True
2023-07-01 00:38:41.303,0.02008,11759.8,1688171921303,True
2023-07-01 00:38:41.847,0.02008,10689.0,1688171921847,True
2023-07-01 00:38:41.847,0.02008,6239.2,1688171921847,True
2023-07-01 00:38:41.847,0.02008,3071.8,1688171921847,True
2023-07-01 00:38:42.491,0.02008,11191.0,1688171922491,True
2023-07-01 00:38:42.491,0.02008,4365.2,1688171922491,True
2023-07-01 00:38:42.491,0.02008,4443.8,1688171922491,True
2023-07-01 00:38:43.051,0.02009,11191.0,1688171923051,True
2023-07-01 00:38:43.051,0.02009,8809.0,1688171923051,True
2023-07-01 00:38:43.385,0.02009,2503.0,1688171923385,True
2023-07-01 00:38:43.608,0.02008,10689.0,1688171923608,True
2023-07-01 00:38:43.608,0.02008,9311.0,1688171923608,True
2023-07-01 00:38:44.184,0.02009,10000.0,1688171924184,True
2023-07-01 00:38:44.184,0.02009,10000.0,1688171924184,True
2023-07-01 00:38:44.743,0.02009,1191.0,1688171924743,True
2023-07-01 00:38:44.743,0.02009,10689.0,1688171924743,True
2023-07-01 00:38:44.743,0.02009,8120.0,1688171924743,True
2023-07-01 00:38:45.282,0.02009,6125.0,1688171925282,True
2023-07-01 00:38:45.282,0.02009,2563.0,1688171925282,True
2023-07-01 00:38:45.282,0.02009,11312.0,1688171925282,True
2023-07-01 00:38:45.829,0.02009,10689.0,1688171925829,True
2023-07-01 00:38:45.829,0.02009,9311.0,1688171925829,True
2023-07-01 00:38:46.510,0.02009,11191.0,1688171926510,True
2023-07-01 00:38:46.510,0.02009,7198.0,1688171926510,True
2023-07-01 00:38:46.510,0.02009,1611.0,1688171926510,True
2023-07-01 00:38:47.016,0.0201,1500.0,1688171927016,False
2023-07-01 00:38:47.346,0.02009,9611.0,1688171927346,True
2023-07-01 00:38:47.346,0.02009,10389.0,1688171927346,True
2023-07-01 00:38:47.928,0.02009,8521.0,1688171927928,True
2023-07-01 00:38:47.928,0.02009,10712.0,1688171927928,True
2023-07-01 00:38:47.928,0.02009,767.0,1688171927928,True
2023-07-01 00:38:48.488,0.02009,6667.0,1688171928488,True
2023-07-01 00:38:48.488,0.02009,2791.0,1688171928488,True
2023-07-01 00:38:48.488,0.02009,10542.0,1688171928488,True
2023-07-01 00:38:49.112,0.02009,10683.0,1688171929112,True
2023-07-01 00:38:49.112,0.02009,9317.0,1688171929112,True
2023-07-01 00:38:49.737,0.02009,11191.0,1688171929737,True
2023-07-01 00:38:49.737,0.02009,1781.0,1688171929737,True
2023-07-01 00:38:49.737,0.02009,7028.0,1688171929737,True
2023-07-01 00:38:50.307,0.0201,8809.0,1688171930307,True
2023-07-01 00:38:50.307,0.0201,11191.0,1688171930307,True
2023-07-01 00:38:50.851,0.0201,10712.0,1688171930851,True
2023-07-01 00:38:50.851,0.0201,1886.0,1688171930851,True
2023-07-01 00:38:50.851,0.0201,7402.0,1688171930851,True
2023-07-01 00:38:51.407,0.0201,10804.0,1688171931407,True
2023-07-01 00:38:51.407,0.0201,6078.0,1688171931407,True
2023-07-01 00:38:51.407,0.0201,3118.0,1688171931407,True
2023-07-01 00:38:51.978,0.0201,4653.0,1688171931978,True
2023-07-01 00:38:51.978,0.0201,10804.0,1688171931978,True
2023-07-01 00:38:51.978,0.0201,4543.0,1688171931978,True
2023-07-01 00:38:52.534,0.0201,10655.0,1688171932534,True
2023-07-01 00:38:52.534,0.0201,3315.0,1688171932534,True
2023-07-01 00:38:52.534,0.0201,6030.0,1688171932534,True
2023-07-01 00:38:53.074,0.0201,2384.0,1688171933074,True
2023-07-01 00:38:53.074,0.0201,7074.0,1688171933074,True
2023-07-01 00:38:53.074,0.0201,10542.0,1688171933074,True
2023-07-01 00:38:53.662,0.02011,266.1,1688171933662,False
2023-07-01 00:38:53.662,0.02011,817.9,1688171933662,False
2023-07-01 00:38:53.691,0.0201,10378.0,1688171933691,True
2023-07-01 00:38:53.691,0.0201,8714.0,1688171933691,True
2023-07-01 00:38:53.691,0.0201,908.0,1688171933691,True
2023-07-01 00:38:54.247,0.02009,1165.9,1688171934247,True
2023-07-01 00:38:54.247,0.02009,13937.2,1688171934247,True
2023-07-01 00:38:54.247,0.02009,4896.9,1688171934247,True
2023-07-01 00:38:54.260,0.0201,1078.7,1688171934260,False
2023-07-01 00:38:54.675,0.0201,5688.0,1688171934675,False
2023-07-01 00:38:54.680,0.0201,4993.1,1688171934680,False
2023-07-01 00:38:54.705,0.0201,11759.8,1688171934705,False
2023-07-01 00:38:54.719,0.0201,11759.8,1688171934719,False
2023-07-01 00:38:54.729,0.0201,11759.8,1688171934729,False
2023-07-01 00:38:54.751,0.0201,11759.8,1688171934751,False
2023-07-01 00:38:54.762,0.0201,11759.8,1688171934762,False
2023-07-01 00:38:58.109,0.0201,1000.0,1688171938109,False
2023-07-01 00:38:58.186,0.02011,4344.9,1688171938186,False
2023-07-01 00:38:58.186,0.02011,4344.9,1688171938186,False
2023-07-01 00:38:58.186,0.02011,4344.7,1688171938186,False
2023-07-01 00:38:58.186,0.02011,4344.9,1688171938186,False
2023-07-01 00:38:58.186,0.02011,4344.9,1688171938186,False
2023-07-01 00:38:58.186,0.02011,4344.9,1688171938186,False
2023-07-01 00:38:58.186,0.02011,4344.9,1688171938186,False
2023-07-01 00:38:58.186,0.02011,4344.9,1688171938186,False
2023-07-01 00:38:58.186,0.02011,4344.9,1688171938186,False
2023-07-01 00:38:58.278,0.0201,11759.8,1688171938278,True
2023-07-01 00:38:58.278,0.0201,8240.2,1688171938278,True
2023-07-01 00:38:58.820,0.0201,10542.0,1688171938820,True
2023-07-01 00:38:58.820,0.0201,3071.8,1688171938820,True
2023-07-01 00:38:58.820,0.0201,6386.2,1688171938820,True
2023-07-01 00:38:59.376,0.0201,3991.8,1688171939376,True
2023-07-01 00:38:59.376,0.0201,5086.2,1688171939376,True
2023-07-01 00:38:59.376,0.0201,10922.0,1688171939376,True
2023-07-01 00:38:59.933,0.0201,4633.2,1688171939933,True
2023-07-01 00:38:59.933,0.0201,5596.8,1688171939933,True
2023-07-01 00:38:59.933,0.0201,9770.0,1688171939933,True
2023-07-01 00:39:00.473,0.0201,2685.2,1688171940473,True
2023-07-01 00:39:00.473,0.0201,11293.0,1688171940473,True
2023-07-01 00:39:00.473,0.0201,6021.8,1688171940473,True
2023-07-01 00:39:01.378,0.0201,1162.2,1688171941378,True
2023-07-01 00:39:01.378,0.0201,10828.0,1688171941378,True
2023-07-01 00:39:01.378,0.0201,8009.8,1688171941378,True
2023-07-01 00:39:01.929,0.0201,9850.2,1688171941929,True
2023-07-01 00:39:01.929,0.0201,10149.8,1688171941929,True
2023-07-01 00:39:02.488,0.0201,10712.0,1688171942488,True
2023-07-01 00:39:02.488,0.0201,8334.2,1688171942488,True
2023-07-01 00:39:02.488,0.0201,953.8,1688171942488,True
2023-07-01 00:39:03.026,0.0201,8240.2,1688171943026,True
2023-07-01 00:39:03.026,0.0201,11759.8,1688171943026,True
2023-07-01 00:39:03.585,0.0201,8240.2,1688171943585,True
2023-07-01 00:39:03.585,0.0201,11759.8,1688171943585,True
2023-07-01 00:39:04.144,0.0201,11191.0,1688171944144,True
2023-07-01 00:39:04.144,0.0201,2437.8,1688171944144,True
2023-07-01 00:39:04.144,0.0201,6371.2,1688171944144,True
2023-07-01 00:39:04.700,0.02009,5636.2,1688171944700,True
2023-07-01 00:39:04.700,0.0201,4017.8,1688171944700,True
2023-07-01 00:39:04.700,0.02009,10346.0,1688171944700,True
2023-07-01 00:39:05.272,0.02009,4883.8,1688171945272,True
2023-07-01 00:39:05.272,0.02009,11759.8,1688171945272,True
2023-07-01 00:39:05.272,0.02009,3356.4,1688171945272,True
2023-07-01 00:39:05.818,0.02009,7565.6,1688171945818,True
2023-07-01 00:39:05.818,0.02009,1892.4,1688171945818,True
2023-07-01 00:39:05.818,0.02009,10542.0,1688171945818,True
2023-07-01 00:39:06.383,0.02009,10683.0,1688171946383,True
2023-07-01 00:39:06.383,0.02009,8539.6,1688171946383,True
2023-07-01 00:39:06.383,0.02009,777.4,1688171946383,True
2023-07-01 00:39:06.926,0.02009,9600.6,1688171946926,True
2023-07-01 00:39:06.926,0.02009,10399.4,1688171946926,True
2023-07-01 00:39:07.461,0.0201,10712.0,1688171947461,True
2023-07-01 00:39:07.461,0.0201,9288.0,1688171947461,True
2023-07-01 00:39:08.007,0.0201,1516.0,1688171948007,True
2023-07-01 00:39:08.007,0.0201,10804.0,1688171948007,True
2023-07-01 00:39:08.007,0.0201,7680.0,1688171948007,True
2023-07-01 00:39:08.591,0.02009,11759.8,1688171948591,True
2023-07-01 00:39:08.591,0.02009,8240.2,1688171948591,True
2023-07-01 00:39:08.787,0.0201,500.0,1688171948787,False
2023-07-01 00:39:09.149,0.0201,10712.0,1688171949149,True
2023-07-01 00:39:09.149,0.0201,9288.0,1688171949149,True
2023-07-01 00:39:09.579,0.0201,10922.0,1688171949579,True
2023-07-01 00:39:09.579,0.0201,1254.0,1688171949579,True
2023-07-01 00:39:09.579,0.0201,10559.0,1688171949579,True
2023-07-01 00:39:09.579,0.0201,10389.0,1688171949579,True
2023-07-01 00:39:09.579,0.0201,8736.8,1688171949579,True
2023-07-01 00:39:09.611,0.0201,1604.2,1688171949611,True
2023-07-01 00:39:09.703,0.02009,10520.0,1688171949703,True
2023-07-01 00:39:09.703,0.02009,9480.0,1688171949703,True
2023-07-01 00:39:10.276,0.02009,10828.0,1688171950276,True
2023-07-01 00:39:10.276,0.02009,9172.0,1688171950276,True
2023-07-01 00:39:10.828,0.02009,598.0,1688171950828,True
2023-07-01 00:39:10.828,0.02009,11293.0,1688171950828,True
2023-07-01 00:39:10.828,0.02009,8109.0,1688171950828,True
2023-07-01 00:39:11.429,0.02009,10804.0,1688171951429,True
2023-07-01 00:39:11.429,0.02009,2269.0,1688171951429,True
2023-07-01 00:39:11.429,0.02009,6927.0,1688171951429,True
2023-07-01 00:39:11.985,0.02009,10432.0,1688171951985,True
2023-07-01 00:39:11.985,0.02009,5846.0,1688171951985,True
2023-07-01 00:39:11.985,0.02009,3722.0,1688171951985,True
2023-07-01 00:39:12.545,0.02009,4532.0,1688171952545,True
2023-07-01 00:39:12.545,0.02009,11191.0,1688171952545,True
2023-07-01 00:39:12.545,0.02009,4277.0,1688171952545,True
2023-07-01 00:39:13.103,0.02009,6069.0,1688171953103,True
2023-07-01 00:39:13.103,0.02009,10712.0,1688171953103,True
2023-07-01 00:39:13.103,0.02009,3219.0,1688171953103,True
2023-07-01 00:39:13.658,0.0201,11191.0,1688171953658,True
2023-07-01 00:39:13.658,0.0201,8809.0,1688171953658,True
2023-07-01 00:39:13.693,0.0201,1711.0,1688171953693,True
2023-07-01 00:39:13.693,0.0201,11098.0,1688171953693,True
2023-07-01 00:39:14.193,0.02009,10542.0,1688171954193,True
2023-07-01 00:39:14.193,0.02009,9458.0,1688171954193,True
2023-07-01 00:39:14.737,0.02009,10432.0,1688171954737,True
2023-07-01 00:39:14.737,0.02009,8314.0,1688171954737,True
2023-07-01 00:39:14.737,0.02009,1254.0,1688171954737,True
2023-07-01 00:39:15.303,0.02009,10804.0,1688171955303,True
2023-07-01 00:39:15.303,0.02009,2335.0,1688171955303,True
2023-07-01 00:39:15.303,0.02009,6861.0,1688171955303,True
2023-07-01 00:39:15.831,0.02009,3760.0,1688171955831,True
2023-07-01 00:39:15.831,0.02009,5681.0,1688171955831,True
2023-07-01 00:39:15.831,0.02009,10559.0,1688171955831,True
2023-07-01 00:39:16.391,0.02009,10389.0,1688171956391,True
2023-07-01 00:39:16.391,0.02009,9611.0,1688171956391,True
2023-07-01 00:39:28.414,0.02009,2500.0,1688171968414,False
2023-07-01 00:39:28.449,0.0201,500.0,1688171968449,False
2023-07-01 00:39:31.479,0.02009,2500.1,1688171971479,True
2023-07-01 00:39:31.489,0.02008,2.6,1688171971489,True
2023-07-01 00:39:31.489,0.02009,2500.0,1688171971489,True
2023-07-01 00:39:31.905,0.02009,9322.0,1688171971905,True
2023-07-01 00:39:31.905,0.02009,10712.0,1688171971905,True
2023-07-01 00:39:31.958,0.02009,1361.0,1688171971958,True
2023-07-01 00:39:31.958,0.02009,1692.9,1688171971958,True
2023-07-01 00:40:13.667,0.0201,2500.0,1688172013667,False
2023-07-01 00:40:13.775,0.0201,27350.7,1688172013775,True
2023-07-01 00:40:39.440,0.0201,500.0,1688172039440,False
2023-07-01 00:40:53.991,0.02011,2500.0,1688172053991,False
2023-07-01 00:40:53.991,0.02011,920.0,1688172053991,False
2023-07-01 00:40:53.993,0.02011,3420.0,1688172053993,False
2023-07-01 00:40:54.038,0.02011,7397.5,1688172054038,False
2023-07-01 00:40:54.046,0.02011,5875.7,1688172054046,False
2023-07-01 00:40:54.485,0.02011,7463.9,1688172054485,True
2023-07-01 00:41:13.498,0.02011,571.6,1688172073498,True
2023-07-01 00:41:17.912,0.02011,571.8,1688172077912,True
2023-07-01 00:41:25.312,0.02012,500.0,1688172085312,False
2023-07-01 00:41:25.312,0.02012,547.1,1688172085312,False
2023-07-01 00:41:35.747,0.02012,500.0,1688172095747,False
2023-07-01 00:41:36.325,0.02013,499.7,1688172096325,False
2023-07-01 00:41:46.356,0.02013,546.8,1688172106356,False
2023-07-01 00:41:46.356,0.02013,9471.1,1688172106356,False
2023-07-01 00:41:46.356,0.02013,2500.0,1688172106356,False
2023-07-01 00:41:46.363,0.02013,10988.7,1688172106363,False
2023-07-01 00:41:53.070,0.02013,11716.6,1688172113070,False
2023-07-01 00:41:54.039,0.02013,1240.0,1688172114039,False
2023-07-01 00:41:54.165,0.02012,1129.2,1688172114165,True
2023-07-01 00:42:00.821,0.02012,1458.2,1688172120821,True
2023-07-01 00:42:01.450,0.02012,571.5,1688172121450,True
2023-07-01 00:42:03.191,0.02014,16765.0,1688172123191,False
2023-07-01 00:42:03.199,0.02014,11347.5,1688172123199,False
2023-07-01 00:42:03.286,0.02015,4336.1,1688172123286,False
2023-07-01 00:42:03.286,0.02015,4335.3,1688172123286,False
2023-07-01 00:42:03.286,0.02015,4336.1,1688172123286,False
2023-07-01 00:42:03.286,0.02015,4336.1,1688172123286,False
2023-07-01 00:42:03.286,0.02015,4336.1,1688172123286,False
2023-07-01 00:42:03.286,0.02015,4336.1,1688172123286,False
2023-07-01 00:42:03.286,0.02015,4336.1,1688172123286,False
2023-07-01 00:42:03.286,0.02015,619.1,1688172123286,False
2023-07-01 00:42:03.286,0.02015,4336.1,1688172123286,False
2023-07-01 00:42:03.286,0.02015,4336.1,1688172123286,False
2023-07-01 00:42:03.286,0.02015,4336.1,1688172123286,False
2023-07-01 00:42:03.692,0.02015,10444.6,1688172123692,False
2023-07-01 00:42:06.058,0.02015,1869.1,1688172126058,True
2023-07-01 00:42:06.721,0.02015,1330.0,1688172126721,True
2023-07-01 00:42:06.721,0.02015,499.5,1688172126721,True
2023-07-01 00:42:13.147,0.02015,1459.0,1688172133147,False
2023-07-01 00:42:13.150,0.02015,2499.6,1688172133150,False
2023-07-01 00:42:13.150,0.02015,2877.4,1688172133150,False
2023-07-01 00:42:13.153,0.02015,0.2,1688172133153,False
2023-07-01 00:42:13.153,0.02015,4336.4,1688172133153,False
2023-07-01 00:42:13.153,0.02015,0.4,1688172133153,False
2023-07-01 00:42:13.154,0.02015,1459.4,1688172133154,False
2023-07-01 00:42:13.155,0.02015,2876.8,1688172133155,False
2023-07-01 00:42:13.156,0.02015,2877.0,1688172133156,False
2023-07-01 00:42:13.157,0.02015,1458.6,1688172133157,False
2023-07-01 00:42:13.157,0.02015,1459.4,1688172133157,False
2023-07-01 00:42:13.159,0.02015,1418.8,1688172133159,False
2023-07-01 00:42:13.159,0.02015,1459.2,1688172133159,False
2023-07-01 00:42:13.159,0.02015,1459.0,1688172133159,False
2023-07-01 00:42:13.160,0.02015,2877.2,1688172133160,False
2023-07-01 00:42:13.160,0.02015,0.6,1688172133160,False
2023-07-01 00:42:13.162,0.02015,1459.0,1688172133162,False
2023-07-01 00:42:13.162,0.02015,0.2,1688172133162,False
2023-07-01 00:42:13.162,0.02015,1419.0,1688172133162,False
2023-07-01 00:42:13.162,0.02015,1457.8,1688172133162,False
2023-07-01 00:42:13.164,0.02015,2917.0,1688172133164,False
2023-07-01 00:42:13.166,0.02015,1419.2,1688172133166,False
2023-07-01 00:42:13.166,0.02015,1458.8,1688172133166,False
2023-07-01 00:42:13.167,0.02015,1419.2,1688172133167,False
2023-07-01 00:42:13.168,0.02015,1458.4,1688172133168,False
2023-07-01 00:42:13.168,0.02015,0.6,1688172133168,False
2023-07-01 00:42:13.169,0.02015,1458.0,1688172133169,False
2023-07-01 00:42:13.170,0.02015,2877.5,1688172133170,False
2023-07-01 00:42:13.238,0.02015,1000.0,1688172133238,True
2023-07-01 00:42:22.920,0.02015,8923.0,1688172142920,True
2023-07-01 00:42:23.216,0.02014,2071.1,1688172143216,False
2023-07-01 00:42:29.102,0.02014,10992.7,1688172149102,False
2023-07-01 00:42:29.186,0.02015,11700.4,1688172149186,False
2023-07-01 00:42:29.345,0.02016,10604.8,1688172149345,False
2023-07-01 00:42:29.345,0.02016,5060.8,1688172149345,False
2023-07-01 00:42:29.345,0.02016,4334.4,1688172149345,False
2023-07-01 00:43:11.715,0.02016,500.0,1688172191715,False
2023-07-01 00:43:30.371,0.02015,1000.0,1688172210371,False
2023-07-01 00:43:30.371,0.02015,17682.0,1688172210371,False
2023-07-01 00:43:38.663,0.02016,744.1,1688172218663,False
2023-07-01 00:43:41.419,0.02016,17883.7,1688172221419,False
2023-07-01 00:43:41.419,0.02016,20856.5,1688172221419,False
2023-07-01 00:43:41.419,0.02016,11759.8,1688172221419,False
2023-07-01 00:43:42.325,0.02018,10845.8,1688172222325,False
2023-07-01 00:43:42.325,0.02018,18782.3,1688172222325,False
2023-07-01 00:43:42.325,0.02018,7433.1,1688172222325,False
2023-07-01 00:43:42.325,0.02017,1866.8,1688172222325,False
2023-07-01 00:43:42.325,0.02018,2484.6,1688172222325,False
2023-07-01 00:43:42.325,0.02017,32342.4,1688172222325,False
2023-07-01 00:43:42.325,0.02017,40000.0,1688172222325,False
2023-07-01 00:43:42.325,0.02018,4329.5,1688172222325,False
2023-07-01 00:43:42.325,0.02018,4329.5,1688172222325,False
2023-07-01 00:43:42.325,0.02018,4329.5,1688172222325,False
2023-07-01 00:43:42.325,0.02018,4329.5,1688172222325,False
2023-07-01 00:43:42.325,0.02016,3132.2,1688172222325,False
2023-07-01 00:43:42.325,0.02019,14915.4,1688172222325,False
2023-07-01 00:43:42.325,0.02019,1240.8,1688172222325,False
2023-07-01 00:43:42.325,0.02019,11759.8,1688172222325,False
2023-07-01 00:43:42.325,0.02019,8845.9,1688172222325,False
2023-07-01 00:43:42.325,0.02017,10845.8,1688172222325,False
2023-07-01 00:43:42.325,0.02017,2484.6,1688172222325,False
2023-07-01 00:43:42.325,0.02017,11759.8,1688172222325,False
2023-07-01 00:43:42.325,0.02018,11759.8,1688172222325,False
2023-07-01 00:43:42.325,0.02018,45062.0,1688172222325,False
2023-07-01 00:43:42.325,0.02018,4329.5,1688172222325,False
2023-07-01 00:43:42.325,0.02018,4329.5,1688172222325,False
2023-07-01 00:43:42.325,0.02018,4329.5,1688172222325,False
2023-07-01 00:43:42.325,0.02018,4329.5,1688172222325,False
2023-07-01 00:43:42.325,0.02018,4329.5,1688172222325,False
2023-07-01 00:43:42.325,0.02018,4329.4,1688172222325,False
2023-07-01 00:43:42.325,0.02019,2362.4,1688172222325,False
2023-07-01 00:43:42.325,0.02017,18781.6,1688172222325,False
2023-07-01 00:43:42.341,0.02017,2608.0,1688172222341,False
2023-07-01 00:43:42.341,0.02017,4336.0,1688172222341,False
2023-07-01 00:43:42.341,0.02017,6520.0,1688172222341,False
2023-07-01 00:43:42.341,0.02017,6520.0,1688172222341,False
2023-07-01 00:43:42.341,0.02017,3912.0,1688172222341,False
2023-07-01 00:43:42.341,0.02017,2184.0,1688172222341,False
2023-07-01 00:43:42.409,0.02021,12000.0,1688172222409,False
2023-07-01 00:43:42.409,0.02022,91361.7,1688172222409,False
2023-07-01 00:43:42.409,0.02021,59494.2,1688172222409,False
2023-07-01 00:43:42.409,0.02018,18962.5,1688172222409,False
2023-07-01 00:43:42.409,0.02018,10000.0,1688172222409,False
2023-07-01 00:43:42.409,0.02019,1375.7,1688172222409,False
2023-07-01 00:43:42.409,0.0202,2491.4,1688172222409,False
2023-07-01 00:43:42.409,0.0202,45017.3,1688172222409,False
2023-07-01 00:43:42.409,0.02021,2491.4,1688172222409,False
2023-07-01 00:43:42.409,0.02021,199217.0,1688172222409,False
2023-07-01 00:43:42.409,0.02021,7588.8,1688172222409,False
2023-07-01 00:43:42.420,0.02021,8854.9,1688172222420,False
2023-07-01 00:43:42.420,0.02021,10000.0,1688172222420,False
2023-07-01 00:43:42.491,0.02021,11293.0,1688172222491,False
2023-07-01 00:43:42.491,0.02021,8819.2,1688172222491,False
2023-07-01 00:43:42.491,0.02021,107.6,1688172222491,False
2023-07-01 00:43:42.524,0.02019,1307.7,1688172222524,True
2023-07-01 00:43:42.869,0.0202,10111.1,1688172222869,False
2023-07-01 00:43:42.890,0.0202,447.9,1688172222890,False
2023-07-01 00:43:42.890,0.0202,11312.0,1688172222890,False
2023-07-01 00:43:43.302,0.0202,13861.3,1688172223302,False
2023-07-01 00:43:43.302,0.02021,1521.8,1688172223302,False
2023-07-01 00:43:43.302,0.02021,4166.5,1688172223302,False
2023-07-01 00:43:43.302,0.02021,10712.0,1688172223302,False
2023-07-01 00:43:43.317,0.02021,1452.8,1688172223317,False
2023-07-01 00:43:43.317,0.0202,500.0,1688172223317,False
2023-07-01 00:43:43.451,0.0202,7425.7,1688172223451,True
2023-07-01 00:43:43.502,0.0202,4574.3,1688172223502,True
2023-07-01 00:43:43.502,0.02019,2627.5,1688172223502,True
2023-07-01 00:43:48.349,0.02021,1484.4,1688172228349,False
2023-07-01 00:43:48.352,0.02021,1177.7,1688172228352,False
2023-07-01 00:43:48.352,0.02021,3608.3,1688172228352,False
2023-07-01 00:43:48.377,0.02021,500.0,1688172228377,False
2023-07-01 00:43:49.800,0.02022,593.5,1688172229800,False
2023-07-01 00:43:50.503,0.02021,6064.8,1688172230503,True
2023-07-01 00:43:50.503,0.0202,8373.7,1688172230503,True
2023-07-01 00:43:53.418,0.02022,1476.9,1688172233418,False
2023-07-01 00:43:55.047,0.02021,3499.1,1688172235047,True
2023-07-01 00:43:55.048,0.02021,34666.4,1688172235048,True
2023-07-01 00:43:55.049,0.02021,594.0,1688172235049,True
2023-07-01 00:43:55.051,0.02021,4093.0,1688172235051,True
2023-07-01 00:43:55.052,0.02021,12272.5,1688172235052,True
2023-07-01 00:43:55.052,0.02021,55125.0,1688172235052,True
2023-07-01 00:43:55.052,0.02021,32566.3,1688172235052,True
2023-07-01 00:43:55.054,0.02021,21237.7,1688172235054,True
2023-07-01 00:43:55.055,0.02021,29765.3,1688172235055,True
2023-07-01 00:43:55.055,0.02021,594.0,1688172235055,True
2023-07-01 00:43:55.055,0.02021,133.0,1688172235055,True
2023-07-01 00:43:55.055,0.02021,594.0,1688172235055,True
2023-07-01 00:43:55.057,0.02021,594.0,1688172235057,True
2023-07-01 00:43:55.057,0.02021,27562.0,1688172235057,True
2023-07-01 00:43:55.057,0.02021,19356.2,1688172235057,True
2023-07-01 00:43:55.057,0.02021,31808.8,1688172235057,True
2023-07-01 00:43:55.058,0.02021,21832.0,1688172235058,True
2023-07-01 00:43:55.062,0.02021,44515.7,1688172235062,True
2023-07-01 00:43:55.062,0.02021,1484.2,1688172235062,True
2023-07-01 00:43:55.066,0.02021,22771.5,1688172235066,True
2023-07-01 00:43:55.066,0.02021,10609.3,1688172235066,True
2023-07-01 00:43:55.066,0.02021,19734.4,1688172235066,True
2023-07-01 00:43:55.067,0.02021,594.0,1688172235067,True
2023-07-01 00:43:55.067,0.02021,12025.1,1688172235067,True
2023-07-01 00:43:55.068,0.0202,594.0,1688172235068,True
2023-07-01 00:43:55.068,0.0202,594.0,1688172235068,True
2023-07-01 00:43:57.547,0.0202,12000.0,1688172237547,False
2023-07-01 00:44:00.806,0.02019,11955.1,1688172240806,True
2023-07-01 00:44:20.612,0.02021,4000.0,1688172260612,False
2023-07-01 00:44:24.662,0.02022,1139.4,1688172264662,False
2023-07-01 00:44:24.788,0.02022,2230.9,1688172264788,False
2023-07-01 00:44:24.788,0.02022,12000.0,1688172264788,False
2023-07-01 00:44:24.788,0.02022,7636.0,1688172264788,False
2023-07-01 00:44:24.788,0.02022,10432.0,1688172264788,False
2023-07-01 00:44:24.788,0.02022,4643.1,1688172264788,False
2023-07-01 00:44:24.788,0.02022,10712.0,1688172264788,False
2023-07-01 00:44:24.788,0.02022,10712.0,1688172264788,False
2023-07-01 00:44:24.788,0.02022,10341.0,1688172264788,False
2023-07-01 00:44:24.788,0.02022,11293.0,1688172264788,False
2023-07-01 00:44:24.792,0.02022,5734.9,1688172264792,False
2023-07-01 00:44:24.819,0.02023,543.7,1688172264819,False
2023-07-01 00:44:24.819,0.02023,4318.8,1688172264819,False
2023-07-01 00:44:24.819,0.02023,40000.0,1688172264819,False
2023-07-01 00:44:24.819,0.02023,4318.8,1688172264819,False
2023-07-01 00:44:24.819,0.02023,10845.8,1688172264819,False
2023-07-01 00:44:24.819,0.02026,3526.7,1688172264819,False
2023-07-01 00:44:24.819,0.02026,2440.0,1688172264819,False
2023-07-01 00:44:24.819,0.02025,59347.1,1688172264819,False
2023-07-01 00:44:24.819,0.02026,47006.0,1688172264819,False
2023-07-01 00:44:24.819,0.02023,4318.8,1688172264819,False
2023-07-01 00:44:24.819,0.02023,4318.8,1688172264819,False
2023-07-01 00:44:24.819,0.02023,4318.8,1688172264819,False
2023-07-01 00:44:24.819,0.02023,4318.8,1688172264819,False
2023-07-01 00:44:24.819,0.02023,4318.8,1688172264819,False
2023-07-01 00:44:24.819,0.02023,4318.8,1688172264819,False
2023-07-01 00:44:24.819,0.02023,4318.7,1688172264819,False
2023-07-01 00:44:24.819,0.02023,4318.8,1688172264819,False
2023-07-01 00:44:24.819,0.02025,103406.0,1688172264819,False
2023-07-01 00:44:24.819,0.02025,1907.3,1688172264819,False
2023-07-01 00:44:24.819,0.02025,1363.3,1688172264819,False
2023-07-01 00:44:24.819,0.02026,27953.8,1688172264819,False
2023-07-01 00:44:24.819,0.02026,35473.6,1688172264819,False
2023-07-01 00:44:24.819,0.02026,28092.8,1688172264819,False
2023-07-01 00:44:24.819,0.02025,44906.0,1688172264819,False
2023-07-01 00:44:24.833,0.02024,10683.0,1688172264833,False
2023-07-01 00:44:24.834,0.02024,213.7,1688172264834,False
2023-07-01 00:44:24.834,0.02024,10683.0,1688172264834,False
2023-07-01 00:44:24.834,0.02024,10378.0,1688172264834,False
2023-07-01 00:44:24.834,0.02024,10542.0,1688172264834,False
2023-07-01 00:44:24.834,0.02024,415.0,1688172264834,False
2023-07-01 00:44:24.835,0.02024,7864.2,1688172264835,False
2023-07-01 00:44:24.835,0.02024,11098.3,1688172264835,False
2023-07-01 00:44:24.836,0.02024,7756.2,1688172264836,False
2023-07-01 00:44:24.836,0.02024,2655.8,1688172264836,False
2023-07-01 00:44:24.836,0.02024,10649.0,1688172264836,False
2023-07-01 00:44:24.837,0.02024,10678.0,1688172264837,False
2023-07-01 00:44:24.837,0.02024,3529.8,1688172264837,False
2023-07-01 00:44:24.839,0.02024,10828.0,1688172264839,False
2023-07-01 00:44:24.842,0.02024,2600.0,1688172264842,False
2023-07-01 00:44:24.848,0.02025,6320.7,1688172264848,False
2023-07-01 00:44:24.848,0.02025,10621.0,1688172264848,False
2023-07-01 00:44:24.932,0.02025,8860.0,1688172264932,True
2023-07-01 00:44:24.940,0.02025,997.5,1688172264940,True
2023-07-01 00:44:24.950,0.02025,2142.5,1688172264950,True
2023-07-01 00:44:24.950,0.02024,5101.0,1688172264950,True
2023-07-01 00:44:25.541,0.02025,1000.0,1688172265541,False
2023-07-01 00:44:25.541,0.02026,11312.0,1688172265541,False
2023-07-01 00:44:25.541,0.02026,7799.5,1688172265541,False
2023-07-01 00:44:25.571,0.02025,5813.6,1688172265571,True
2023-07-01 00:44:25.576,0.02025,1192.5,1688172265576,True
2023-07-01 00:44:25.666,0.02026,2632.5,1688172265666,False
2023-07-01 00:44:25.666,0.02026,7423.5,1688172265666,False
2023-07-01 00:44:25.720,0.02024,7408.6,1688172265720,True
2023-07-01 00:44:25.720,0.02024,1219.7,1688172265720,True
2023-07-01 00:44:26.334,0.02027,28465.4,1688172266334,False
2023-07-01 00:44:26.334,0.02027,595.0,1688172266334,False
2023-07-01 00:44:26.334,0.02027,11248.1,1688172266334,False
2023-07-01 00:44:26.334,0.02027,14800.1,1688172266334,False
2023-07-01 00:44:26.334,0.02028,17461.2,1688172266334,False
2023-07-01 00:44:26.334,0.02028,12000.0,1688172266334,False
2023-07-01 00:44:26.334,0.02026,18962.5,1688172266334,False
2023-07-01 00:44:26.334,0.02026,12000.0,1688172266334,False
2023-07-01 00:44:26.334,0.02026,6320.7,1688172266334,False
2023-07-01 00:44:26.334,0.02026,3135.5,1688172266334,False
2023-07-01 00:44:26.334,0.02028,1115.8,1688172266334,False
2023-07-01 00:44:26.334,0.02028,100000.0,1688172266334,False
2023-07-01 00:44:26.334,0.02027,12000.0,1688172266334,False
2023-07-01 00:44:26.334,0.02027,11248.1,1688172266334,False
2023-07-01 00:44:26.388,0.02026,1327.9,1688172266388,True
2023-07-01 00:44:26.395,0.02026,666.7,1688172266395,True
2023-07-01 00:44:26.430,0.02026,1327.6,1688172266430,True
2023-07-01 00:44:26.458,0.02026,1327.2,1688172266458,True
2023-07-01 00:44:26.516,0.02026,1326.8,1688172266516,True
2023-07-01 00:44:26.535,0.02026,10130.7,1688172266535,True
2023-07-01 00:44:26.535,0.02026,4262.5,1688172266535,True
2023-07-01 00:44:28.218,0.02026,500.0,1688172268218,False
2023-07-01 00:44:28.234,0.02026,1326.5,1688172268234,True
2023-07-01 00:44:28.260,0.02026,8542.7,1688172268260,True
2023-07-01 00:44:28.260,0.02025,6320.7,1688172268260,True
2023-07-01 00:44:28.260,0.02026,2500.0,1688172268260,True
2023-07-01 00:44:28.260,0.02026,2477.8,1688172268260,True
2023-07-01 00:44:28.260,0.02026,10556.1,1688172268260,True
2023-07-01 00:44:28.260,0.02026,10842.8,1688172268260,True
2023-07-01 00:44:28.260,0.02025,7529.0,1688172268260,True
2023-07-01 00:44:28.639,0.02028,4308.6,1688172268639,False
2023-07-01 00:44:28.639,0.02028,4308.6,1688172268639,False
2023-07-01 00:44:28.639,0.02028,4308.6,1688172268639,False
2023-07-01 00:44:28.639,0.02028,2616.4,1688172268639,False
2023-07-01 00:44:28.639,0.02028,4308.6,1688172268639,False
2023-07-01 00:44:28.639,0.02028,7529.0,1688172268639,False
2023-07-01 00:44:28.639,0.02028,4308.6,1688172268639,False
2023-07-01 00:44:28.639,0.02028,6320.7,1688172268639,False
2023-07-01 00:44:28.639,0.02028,4308.6,1688172268639,False
2023-07-01 00:44:29.331,0.02027,9866.7,1688172269331,True
2023-07-01 00:44:29.331,0.02026,927.5,1688172269331,True
2023-07-01 00:44:29.331,0.02026,2472.9,1688172269331,True
2023-07-01 00:44:30.129,0.02026,10147.7,1688172270129,True
2023-07-01 00:44:30.758,0.02027,500.0,1688172270758,False
2023-07-01 00:44:31.875,0.02027,600.0,1688172271875,True
2023-07-01 00:44:35.659,0.02026,18962.5,1688172275659,True
2023-07-01 00:44:35.659,0.02026,12000.0,1688172275659,True
2023-07-01 00:44:35.659,0.02026,13666.6,1688172275659,True
2023-07-01 00:44:35.659,0.02026,30000.0,1688172275659,True
2023-07-01 00:44:35.659,0.02025,18782.2,1688172275659,True
2023-07-01 00:44:35.659,0.02027,9926.5,1688172275659,True
2023-07-01 00:44:35.659,0.02026,2470.5,1688172275659,True
2023-07-01 00:44:35.659,0.02026,5115.0,1688172275659,True
2023-07-01 00:44:35.659,0.02025,2085.5,1688172275659,True
2023-07-01 00:44:35.659,0.02027,5409.5,1688172275659,True
2023-07-01 00:44:35.659,0.02026,6320.7,1688172275659,True
2023-07-01 00:44:35.659,0.02027,13054.0,1688172275659,True
2023-07-01 00:44:39.501,0.02026,3177.6,1688172279501,True
2023-07-01 00:44:50.887,0.02027,9905.8,1688172290887,False
2023-07-01 00:44:50.887,0.02028,4308.4,1688172290887,False
2023-07-01 00:44:50.887,0.02026,1470.0,1688172290887,False
2023-07-01 00:44:50.887,0.02028,4308.6,1688172290887,False
2023-07-01 00:44:50.887,0.02027,6320.7,1688172290887,False
2023-07-01 00:44:50.887,0.02028,1233.1,1688172290887,False
2023-07-01 00:44:50.887,0.02028,1237.3,1688172290887,False
2023-07-01 00:44:50.887,0.02028,4308.6,1688172290887,False
2023-07-01 00:44:50.887,0.02027,942.3,1688172290887,False
2023-07-01 00:44:50.887,0.02028,1692.2,1688172290887,False
2023-07-01 00:44:50.887,0.02028,18962.5,1688172290887,False
2023-07-01 00:44:50.889,0.02028,6320.7,1688172290889,True
2023-07-01 00:44:50.890,0.02028,16861.7,1688172290890,True
2023-07-01 00:44:50.890,0.02028,93052.5,1688172290890,True
2023-07-01 00:44:50.890,0.02028,592.0,1688172290890,True
2023-07-01 00:44:50.890,0.02028,592.0,1688172290890,True
2023-07-01 00:44:50.891,0.02028,13428.0,1688172290891,True
2023-07-01 00:44:50.891,0.02028,592.0,1688172290891,True
2023-07-01 00:44:50.892,0.02028,592.0,1688172290892,True
2023-07-01 00:44:50.892,0.02028,740.0,1688172290892,True
2023-07-01 00:44:50.894,0.02028,16490.6,1688172290894,True
2023-07-01 00:44:50.898,0.02028,592.0,1688172290898,True
2023-07-01 00:44:50.898,0.02028,592.0,1688172290898,True
2023-07-01 00:44:50.900,0.02028,790.0,1688172290900,True
2023-07-01 00:44:50.900,0.02028,592.0,1688172290900,True
2023-07-01 00:44:50.902,0.02028,1064.0,1688172290902,True
2023-07-01 00:44:50.903,0.02028,592.0,1688172290903,True
2023-07-01 00:44:50.906,0.02028,592.0,1688172290906,True
2023-07-01 00:44:50.908,0.02028,426363.9,1688172290908,True
2023-07-01 00:44:50.908,0.02028,1678.0,1688172290908,True
2023-07-01 00:44:50.911,0.02028,592.0,1688172290911,True
2023-07-01 00:44:50.912,0.02028,27969.7,1688172290912,True
2023-07-01 00:44:50.914,0.02028,26409.8,1688172290914,True
2023-07-01 00:44:50.916,0.02028,24635.3,1688172290916,True
2023-07-01 00:44:50.916,0.02028,592.0,1688172290916,True
2023-07-01 00:44:50.917,0.02028,16673.8,1688172290917,True
2023-07-01 00:44:50.917,0.02028,2666.0,1688172290917,True
2023-07-01 00:44:50.920,0.02028,592.0,1688172290920,True
2023-07-01 00:44:50.922,0.02028,15797.0,1688172290922,True
2023-07-01 00:44:50.928,0.02028,16326.0,1688172290928,True
2023-07-01 00:44:50.934,0.02028,592.0,1688172290934,True
2023-07-01 00:44:50.934,0.02028,592.0,1688172290934,True
2023-07-01 00:44:50.935,0.02028,2814.0,1688172290935,True
2023-07-01 00:44:50.944,0.02028,888.0,1688172290944,True
2023-07-01 00:44:50.945,0.02028,4937.0,1688172290945,True
2023-07-01 00:44:50.952,0.02028,7312.0,1688172290952,True
2023-07-01 00:44:50.952,0.02028,592.0,1688172290952,True
2023-07-01 00:44:50.953,0.02028,1481.0,1688172290953,True
2023-07-01 00:44:51.013,0.02028,13699.4,1688172291013,True
2023-07-01 00:44:51.512,0.02029,10712.0,1688172291512,False
2023-07-01 00:44:51.512,0.02029,8250.5,1688172291512,False
2023-07-01 00:44:52.037,0.02029,11293.0,1688172292037,False
2023-07-01 00:44:52.037,0.02029,3745.5,1688172292037,False
2023-07-01 00:44:52.037,0.02029,2461.5,1688172292037,False
2023-07-01 00:44:52.042,0.02029,6632.5,1688172292042,False
2023-07-01 00:44:52.042,0.02029,2723.7,1688172292042,False
2023-07-01 00:44:52.045,0.02029,5409.1,1688172292045,False
2023-07-01 00:44:52.048,0.02029,2208.2,1688172292048,False
2023-07-01 00:44:52.065,0.02028,10000.0,1688172292065,True
2023-07-01 00:44:56.333,0.02028,13083.7,1688172296333,True
2023-07-01 00:44:56.373,0.02028,576.2,1688172296373,True
2023-07-01 00:44:56.822,0.02028,8694.2,1688172296822,True
2023-07-01 00:44:57.106,0.02028,11478.0,1688172297106,True
2023-07-01 00:44:57.787,0.0203,359.8,1688172297787,False
2023-07-01 00:44:57.787,0.0203,4304.6,1688172297787,False
2023-07-01 00:44:57.787,0.0203,4304.6,1688172297787,False
2023-07-01 00:44:57.787,0.0203,4304.6,1688172297787,False
2023-07-01 00:44:57.787,0.0203,2500.0,1688172297787,False
2023-07-01 00:44:57.787,0.0203,4304.6,1688172297787,False
2023-07-01 00:44:57.787,0.0203,4304.6,1688172297787,False
2023-07-01 00:44:57.787,0.0203,4304.6,1688172297787,False
2023-07-01 00:44:57.787,0.0203,4304.6,1688172297787,False
2023-07-01 00:44:57.787,0.0203,2725.5,1688172297787,False
2023-07-01 00:44:57.787,0.0203,4304.6,1688172297787,False
2023-07-01 00:44:57.787,0.0203,2477.9,1688172297787,False
2023-07-01 00:44:58.345,0.0203,11312.0,1688172298345,False
2023-07-01 00:44:58.345,0.02033,13446.8,1688172298345,False
2023-07-01 00:44:58.345,0.02032,7438.2,1688172298345,False
2023-07-01 00:44:58.345,0.02031,10000.0,1688172298345,False
2023-07-01 00:44:58.345,0.02032,1232.2,1688172298345,False
2023-07-01 00:44:58.345,0.02032,13543.4,1688172298345,False
2023-07-01 00:44:58.345,0.02033,1234.4,1688172298345,False
2023-07-01 00:44:58.345,0.0203,11293.0,1688172298345,False
2023-07-01 00:44:58.345,0.0203,4303.9,1688172298345,False
2023-07-01 00:44:58.345,0.02032,2469.1,1688172298345,False
2023-07-01 00:44:58.345,0.0203,3944.8,1688172298345,False
2023-07-01 00:44:58.345,0.0203,10712.0,1688172298345,False
2023-07-01 00:44:58.345,0.0203,10559.0,1688172298345,False
2023-07-01 00:44:58.345,0.02031,7385.5,1688172298345,False
2023-07-01 00:44:58.345,0.0203,10341.0,1688172298345,False
2023-07-01 00:44:58.345,0.0203,10432.0,1688172298345,False
2023-07-01 00:44:58.502,0.02029,922.8,1688172298502,True
2023-07-01 00:44:58.502,0.02029,6320.7,1688172298502,True
2023-07-01 00:44:58.502,0.02029,9194.6,1688172298502,True
2023-07-01 00:45:00.620,0.02029,1320.8,1688172300620,False
2023-07-01 00:45:06.637,0.02029,9034.9,1688172306637,True
2023-07-01 00:45:06.779,0.02029,12147.7,1688172306779,True
2023-07-01 00:45:06.818,0.02029,15135.5,1688172306818,True
2023-07-01 00:45:08.332,0.02031,18781.8,1688172308332,False
2023-07-01 00:45:08.332,0.02032,1756.4,1688172308332,False
2023-07-01 00:45:08.332,0.02029,2600.0,1688172308332,False
2023-07-01 00:45:08.332,0.0203,12000.0,1688172308332,False
2023-07-01 00:45:08.332,0.0203,18962.5,1688172308332,False
2023-07-01 00:45:08.332,0.0203,980.0,1688172308332,False
2023-07-01 00:45:08.332,0.0203,743.7,1688172308332,False
2023-07-01 00:45:08.332,0.02031,12000.0,1688172308332,False
2023-07-01 00:45:08.332,0.02029,5379.2,1688172308332,False
2023-07-01 00:45:09.671,0.02029,1400.0,1688172309671,True
2023-07-01 00:45:12.473,0.02028,1475.4,1688172312473,True
2023-07-01 00:45:13.901,0.02029,13691.8,1688172313901,True
2023-07-01 00:45:13.901,0.02029,13180.2,1688172313901,True
2023-07-01 00:45:15.991,0.02028,2462.1,1688172315991,True
2023-07-01 00:45:15.993,0.02028,3279.4,1688172315993,True
2023-07-01 00:45:15.994,0.02029,2046.3,1688172315994,True
2023-07-01 00:45:15.996,0.02029,16587.4,1688172315996,True
2023-07-01 00:45:17.037,0.0203,10341.0,1688172317037,False
2023-07-01 00:45:17.037,0.02031,13635.0,1688172317037,False
2023-07-01 00:45:17.037,0.0203,11312.0,1688172317037,False
2023-07-01 00:45:17.037,0.0203,10712.0,1688172317037,False
2023-07-01 00:45:18.334,0.02031,5800.0,1688172318334,False
2023-07-01 00:45:18.334,0.0203,5900.0,1688172318334,False
2023-07-01 00:45:18.334,0.02031,14072.5,1688172318334,False
2023-07-01 00:45:18.334,0.02032,3108.3,1688172318334,False
2023-07-01 00:45:18.334,0.02032,4300.3,1688172318334,False
2023-07-01 00:45:18.334,0.02032,4300.3,1688172318334,False
2023-07-01 00:45:18.334,0.02032,4300.3,1688172318334,False
2023-07-01 00:45:18.334,0.02032,4300.3,1688172318334,False
2023-07-01 00:45:18.334,0.02032,8763.6,1688172318334,False
2023-07-01 00:45:18.334,0.02032,4300.3,1688172318334,False
2023-07-01 00:45:18.334,0.02032,18781.6,1688172318334,False
2023-07-01 00:45:18.334,0.02032,6320.7,1688172318334,False
2023-07-01 00:45:18.334,0.02032,4300.3,1688172318334,False
2023-07-01 00:45:18.334,0.02032,4300.3,1688172318334,False
2023-07-01 00:45:18.334,0.02032,4300.3,1688172318334,False
2023-07-01 00:45:18.587,0.02029,5957.0,1688172318587,True
2023-07-01 00:45:21.440,0.0203,1800.0,1688172321440,False
2023-07-01 00:45:22.830,0.02028,14924.6,1688172322830,True
2023-07-01 00:45:22.831,0.02028,1232.0,1688172322831,True
2023-07-01 00:45:22.832,0.02028,592.0,1688172322832,True
2023-07-01 00:45:22.832,0.02028,32234.5,1688172322832,True
2023-07-01 00:45:23.686,0.02028,1852.7,1688172323686,False
