54969902,0.02379000,7408.10000000,176.23869900,1682899200578,False,True
54969903,0.02379000,14593.50000000,347.17936500,1682899200578,False,True
54969904,0.02379000,9338.40000000,222.16053600,1682899211399,True,True
54969905,0.02379000,7408.10000000,176.23869900,1682899211399,True,True
54969906,0.02379000,1996.50000000,47.49673500,1682899213017,False,True
54969907,0.02379000,1052.40000000,25.03659600,1682899213017,False,True
54969908,0.02380000,852.80000000,20.29664000,1682899219252,True,True
54969909,0.02379000,10927.90000000,259.97474100,1682899219309,True,True
54969910,0.02378000,1501.60000000,35.70804800,1682899226625,False,True
54969911,0.02378000,498.40000000,11.85195200,1682899226625,False,True
54969912,0.02380000,1052.40000000,25.04712000,1682899276404,False,True
54969913,0.02380000,4684.40000000,111.48872000,1682899276404,False,True
54969914,0.02380000,2723.70000000,64.82406000,1682899276409,False,True
54969915,0.02380000,2100.00000000,49.98000000,1682899276409,False,True
54969916,0.02380000,804.40000000,19.14472000,1682899276409,False,True
54969917,0.02380000,1395.60000000,33.21528000,1682899276423,False,True
54969918,0.02380000,1463.00000000,34.81940000,1682899276423,False,True
54969919,0.02380000,737.00000000,17.54060000,1682899276431,False,True
54969920,0.02381000,7408.10000000,176.38686100,1682899276513,False,True
54969921,0.02381000,4061.70000000,96.70907700,1682899276513,False,True
54969922,0.02381000,500.00000000,11.90500000,1682899297232,True,True
54969923,0.02381000,420.00000000,10.00020000,1682899299241,True,True
54969924,0.02381000,6488.10000000,154.48166100,1682899310627,True,True
54969925,0.02380000,520.00000000,12.37600000,1682899310750,True,True
54969926,0.02380000,530.70000000,12.63066000,1682899327245,True,True
54969927,0.02380000,549.20000000,13.07096000,1682899327245,True,True
54969928,0.02380000,1052.40000000,25.04712000,1682899327282,True,True
54969929,0.02379000,500.00000000,11.89500000,1682899327362,True,True
54969930,0.02378000,1051.60000000,25.00704800,1682899327421,True,True
54969931,0.02378000,2755.40000000,65.52341200,1682899327421,True,True
54969932,0.02378000,1050.70000000,24.98564600,1682899329515,False,True
54969933,0.02377000,840.00000000,19.96680000,1682899334791,True,True
54969934,0.02378000,2089.80000000,49.69544400,1682899341977,True,True
54969935,0.02378000,840.00000000,19.97520000,1682899342114,True,True
54969936,0.02378000,632.90000000,15.05036200,1682899342405,True,True
54969937,0.02378000,4166.60000000,99.08174800,1682899343538,True,True
54969938,0.02376000,840.00000000,19.95840000,1682899348341,True,True
54969939,0.02376000,212.40000000,5.04662400,1682899355281,True,True
54969940,0.02376000,287.60000000,6.83337600,1682899355281,True,True
54969941,0.02376000,500.00000000,11.88000000,1682899358548,True,True
54969942,0.02376000,8301.70000000,197.24839200,1682899359431,True,True
54969943,0.02375000,840.00000000,19.95000000,1682899365467,True,True
54969944,0.02376000,1054.10000000,25.04541600,1682899368492,False,True
54969945,0.02375000,840.00000000,19.95000000,1682899373168,True,True
54969946,0.02375000,840.00000000,19.95000000,1682899379272,True,True
54969947,0.02375000,9909.00000000,235.33875000,1682899379296,True,True
54969948,0.02375000,2954.60000000,70.17175000,1682899379296,True,True
54969949,0.02375000,3940.40000000,93.58450000,1682899379301,True,True
54969950,0.02375000,1052.10000000,24.98737500,1682899379530,False,True
54969951,0.02375000,508.90000000,12.08637500,1682899382146,False,True
54969952,0.02374000,840.00000000,19.94160000,1682899389141,True,True
54969953,0.02375000,960.00000000,22.80000000,1682899389822,False,True
54969954,0.02375000,1054.10000000,25.03487500,1682899389822,False,True
54969955,0.02377000,1053.90000000,25.05120300,1682899400150,True,True
54969956,0.02377000,1053.90000000,25.05120300,1682899400241,True,True
54969957,0.02378000,10000.00000000,237.80000000,1682899439671,False,True
54969958,0.02379000,9343.20000000,222.27472800,1682899452402,False,True
54969959,0.02379000,703.00000000,16.72437000,1682899452402,False,True
54969960,0.02379000,22532.80000000,536.05531200,1682899452411,False,True
54969961,0.02379000,40331.10000000,959.47686900,1682899454722,False,True
54969962,0.02380000,245432.00000000,5841.28160000,1682899455503,False,True
54969963,0.02380000,12470.80000000,296.80504000,1682899455503,False,True
54969964,0.02381000,2636.50000000,62.77506500,1682899455645,False,True
54969965,0.02381000,800.30000000,19.05514300,1682899512237,True,True
54969966,0.02380000,1263.10000000,30.06178000,1682899567618,True,True
54969967,0.02380000,1785.80000000,42.50204000,1682899567618,True,True
54969968,0.02380000,1009.20000000,24.01896000,1682899567622,True,True
54969969,0.02379000,800.40000000,19.04151600,1682899578355,False,True
54969970,0.02379000,252.10000000,5.99745900,1682899578355,False,True
54969971,0.02379000,802.50000000,19.09147500,1682899594272,False,True
54969972,0.02379000,1051.20000000,25.00804800,1682899594272,False,True
54969973,0.02379000,7408.10000000,176.23869900,1682899602722,True,True
54969974,0.02378000,1310.90000000,31.17320200,1682899602722,True,True
54969975,0.02379000,1864.20000000,44.34931800,1682899631017,False,True
54969976,0.02379000,1658.90000000,39.46523100,1682899631018,False,True
54969977,0.02379000,1051.20000000,25.00804800,1682899673914,False,True
54969978,0.02379000,476.90000000,11.34545100,1682899673914,False,True
54969979,0.02379000,8406.80000000,199.99777200,1682899692683,True,True
54969980,0.02379000,828.00000000,19.69812000,1682899692683,True,True
54969981,0.02378000,765.20000000,18.19645600,1682899692683,True,True
54969982,0.02379000,1052.70000000,25.04373300,1682899697796,True,True
54969983,0.02379000,1052.70000000,25.04373300,1682899751039,True,True
54969984,0.02380000,448.20000000,10.66716000,1682899781366,False,True
54969985,0.02380000,6666.90000000,158.67222000,1682899858016,False,True
54969986,0.02380000,3275.20000000,77.94976000,1682899858016,False,True
54969987,0.02380000,1050.70000000,25.00666000,1682899878452,True,True
54969988,0.02380000,1593.00000000,37.91340000,1682899878452,True,True
54969989,0.02380000,527.10000000,12.54498000,1682899878452,True,True
54969990,0.02380000,4204.30000000,100.06234000,1682899941732,True,True
54969991,0.02380000,1661.90000000,39.55322000,1682899941732,True,True
54969992,0.02380000,1051.70000000,25.03046000,1682899959163,False,True
54969993,0.02379000,1051.00000000,25.00329000,1682899989359,True,True
54969994,0.02379000,1052.70000000,25.04373300,1682900001708,False,True
54969995,0.02379000,2103.70000000,50.04702300,1682900001709,False,True
54969996,0.02379000,8406.80000000,199.99777200,1682900025538,True,True
54969997,0.02379000,3717.90000000,88.44884100,1682900025538,True,True
54969998,0.02378000,634.70000000,15.09316600,1682900066077,True,True
54969999,0.02380000,0.70000000,0.01666000,1682900100913,False,True
54970000,0.02380000,1051.90000000,25.03522000,1682900100913,False,True
54970001,0.02380000,6666.90000000,158.67222000,1682900100913,False,True
54970002,0.02380000,462.10000000,10.99798000,1682900100913,False,True
54970003,0.02380000,1047.90000000,24.94002000,1682900100913,False,True
54970004,0.02381000,1054.60000000,25.11002600,1682900102079,False,True
54970005,0.02381000,6666.90000000,158.73888900,1682900102079,False,True
54970006,0.02381000,4304.20000000,102.48300200,1682900106606,True,True
54970007,0.02381000,1647.90000000,39.23649900,1682900106610,True,True
54970008,0.02381000,2070.00000000,49.28670000,1682900106610,True,True
54970009,0.02381000,1972.30000000,46.96046300,1682900106610,True,True
54970010,0.02382000,1052.10000000,25.06102200,1682900131680,True,True
54970011,0.02382000,1049.90000000,25.00861800,1682900137449,True,True
54970012,0.02383000,1052.40000000,25.07869200,1682900151575,True,True
54970013,0.02383000,451.00000000,10.74733000,1682900151575,True,True
54970014,0.02383000,242.20000000,5.77162600,1682900151575,True,True
54970015,0.02383000,1626.70000000,38.76426100,1682900151584,True,True
54970016,0.02383000,0.10000000,0.00238300,1682900151608,True,True
54970017,0.02383000,6666.90000000,158.87222700,1682900230953,False,True
54970018,0.02383000,1196.10000000,28.50306300,1682900288608,True,True
54970019,0.02382000,1051.00000000,25.03482000,1682900323880,False,True
54970020,0.02383000,3343.30000000,79.67083900,1682900360457,True,True
54970021,0.02383000,828.90000000,19.75268700,1682900360457,True,True
54970022,0.02382000,6666.90000000,158.80555800,1682900360461,True,True
54970023,0.02382000,4200.70000000,100.06067400,1682900360461,True,True
54970024,0.02382000,6666.90000000,158.80555800,1682900360521,True,True
54970025,0.02381000,1050.10000000,25.00288100,1682900360551,True,True
54970026,0.02381000,200.90000000,4.78342900,1682900360551,True,True
54970027,0.02381000,1251.00000000,29.78631000,1682900360570,True,True
54970028,0.02381000,1251.00000000,29.78631000,1682900360583,True,True
54970029,0.02381000,1251.00000000,29.78631000,1682900360585,True,True
54970030,0.02381000,449.50000000,10.70259500,1682900360603,True,True
54970031,0.02380000,186.50000000,4.43870000,1682900360603,True,True
54970032,0.02380000,864.50000000,20.57510000,1682900360611,True,True
54970033,0.02380000,386.50000000,9.19870000,1682900360611,True,True
54970034,0.02380000,1052.10000000,25.03998000,1682900387696,False,True
54970035,0.02380000,2665.80000000,63.44604000,1682900403503,False,True
54970036,0.02380000,1052.40000000,25.04712000,1682900403503,False,True
54970037,0.02380000,5674.70000000,135.05786000,1682900403503,False,True
54970038,0.02380000,992.20000000,23.61436000,1682900403508,False,True
54970039,0.02380000,649.70000000,15.46286000,1682900414377,True,True
54970040,0.02380000,3556.30000000,84.63994000,1682900420480,True,True
54970041,0.02380000,2000.50000000,47.61190000,1682900420480,True,True
54970042,0.02380000,3478.20000000,82.78116000,1682900420480,True,True
54970043,0.02381000,5649.30000000,134.50983300,1682900464659,False,True
54970044,0.02381000,1017.60000000,24.22905600,1682900464669,False,True
54970045,0.02382000,1049.00000000,24.98718000,1682900467383,True,True
54970046,0.02382000,1017.60000000,24.23923200,1682900508930,True,True
54970047,0.02382000,3184.90000000,75.86431800,1682900508931,True,True
54970048,0.02382000,944.20000000,22.49084400,1682900508931,True,True
54970049,0.02382000,3300.50000000,78.61791000,1682900508940,True,True
54970050,0.02381000,1052.70000000,25.06478700,1682900523868,False,True
54970051,0.02381000,820.70000000,19.54086700,1682900595857,False,True
54970052,0.02382000,877.70000000,20.90681400,1682900597571,True,True
54970053,0.02382000,1052.40000000,25.06816800,1682900597571,True,True
54970054,0.02381000,2668.90000000,63.54650900,1682900597707,True,True
54970055,0.02381000,591.00000000,14.07171000,1682900628772,True,True
54970056,0.02381000,1050.10000000,25.00288100,1682900628772,True,True
54970057,0.02381000,5041.90000000,120.04763900,1682900628772,True,True
54970058,0.02381000,541.00000000,12.88121000,1682900701877,True,True
54970059,0.02380000,840.00000000,19.99200000,1682900703062,True,True
54970060,0.02380000,212.40000000,5.05512000,1682900801516,True,True
54970061,0.02380000,1015.10000000,24.15938000,1682900801516,True,True
54970062,0.02380000,10000.00000000,238.00000000,1682900801516,True,True
54970063,0.02380000,1140.40000000,27.14152000,1682900801528,False,True
54970064,0.02380000,1050.20000000,24.99476000,1682900801535,False,True
54970065,0.02379000,1000.00000000,23.79000000,1682900841372,True,True
54970066,0.02378000,840.00000000,19.97520000,1682900841484,True,True
54970067,0.02379000,20199.00000000,480.53421000,1682900903038,False,True
54970068,0.02379000,85432.50000000,2032.43917500,1682900903038,False,True
54970069,0.02382000,7002.70000000,166.80431400,1682900908311,False,True
54970070,0.02382000,5999.80000000,142.91523600,1682900959767,True,True
54970071,0.02382000,11844.90000000,282.14551800,1682900959767,True,True
54970072,0.02382000,2190.60000000,52.18009200,1682900966383,True,True
54970073,0.02381000,5999.80000000,142.85523800,1682900966383,True,True
54970074,0.02381000,436.70000000,10.39782700,1682900966383,True,True
54970075,0.02381000,17342.60000000,412.92730600,1682901096925,True,True
54970076,0.02381000,5497.70000000,130.90023700,1682901096925,True,True
54970077,0.02381000,502.10000000,11.95500100,1682901103542,True,True
54970078,0.02381000,11138.10000000,265.19816100,1682901103542,True,True
54970079,0.02381000,1055.00000000,25.11955000,1682901115340,True,True
54970080,0.02381000,9696.20000000,230.86652200,1682901115340,True,True
54970081,0.02381000,5999.80000000,142.85523800,1682901115340,True,True
54970082,0.02381000,13325.10000000,317.27063100,1682901115340,True,True
54970083,0.02381000,9320.70000000,221.92586700,1682901152232,True,True
54970084,0.02381000,13873.90000000,330.33755900,1682901152232,True,True
54970085,0.02381000,0.10000000,0.00238100,1682901191479,True,True
54970086,0.02381000,8955.10000000,213.22093100,1682901191479,True,True
54970087,0.02381000,635.80000000,15.13839800,1682901191727,True,True
54970088,0.02380000,635.80000000,15.13204000,1682901191743,True,True
54970089,0.02380000,8944.00000000,212.86720000,1682901192584,True,True
54970090,0.02380000,9141.40000000,217.56532000,1682901192584,True,True
54970091,0.02380000,2219.50000000,52.82410000,1682901192584,True,True
54970092,0.02380000,6804.90000000,161.95662000,1682901213007,True,True
54970093,0.02381000,5999.80000000,142.85523800,1682901266584,True,True
54970094,0.02381000,10879.10000000,259.03137100,1682901266584,True,True
54970095,0.02380000,5999.80000000,142.79524000,1682901266584,True,True
54970096,0.02379000,5999.80000000,142.73524200,1682901266584,True,True
54970097,0.02379000,6724.50000000,159.97585500,1682901266584,True,True
54970098,0.02381000,856.10000000,20.38374100,1682901317193,True,True
54970099,0.02382000,7820.80000000,186.29145600,1682901353532,True,True
54970100,0.02383000,1052.40000000,25.07869200,1682901387201,False,True
54970101,0.02383000,5999.80000000,142.97523400,1682901387201,False,True
54970102,0.02383000,3438.20000000,81.93230600,1682901387259,False,True
54970103,0.02383000,2561.60000000,61.04292800,1682901387305,False,True
54970104,0.02384000,512.00000000,12.20608000,1682901387780,False,True
54970105,0.02383000,8948.20000000,213.23560600,1682901392931,True,True
54970106,0.02383000,566.90000000,13.50922700,1682901392931,True,True
54970107,0.02383000,11720.20000000,279.29236600,1682901402612,True,True
54970108,0.02382000,12685.40000000,302.16622800,1682901410032,True,True
54970109,0.02382000,8385.60000000,199.74499200,1682901415953,True,True
54970110,0.02382000,3241.00000000,77.20062000,1682901421084,True,True
54970111,0.02381000,8604.80000000,204.88028800,1682901421084,True,True
54970112,0.02381000,6299.80000000,149.99823800,1682901421084,True,True
54970113,0.02381000,5999.80000000,142.85523800,1682901421084,True,True
54970114,0.02381000,8480.60000000,201.92308600,1682901421084,True,True
54970115,0.02382000,447.50000000,10.65945000,1682901423042,False,True
54970116,0.02382000,1051.50000000,25.04673000,1682901427206,False,True
54970117,0.02383000,1115.00000000,26.57045000,1682901427285,False,True
54970118,0.02383000,10544.40000000,251.27305200,1682901429273,True,True
54970119,0.02382000,7797.00000000,185.72454000,1682901429273,True,True
54970120,0.02382000,8956.00000000,213.33192000,1682901429273,True,True
54970121,0.02382000,8442.00000000,201.08844000,1682901429273,True,True
54970122,0.02382000,7584.00000000,180.65088000,1682901429273,True,True
54970123,0.02382000,7578.00000000,180.50796000,1682901429273,True,True
54970124,0.02382000,7776.00000000,185.22432000,1682901429273,True,True
54970125,0.02382000,5142.60000000,122.49673200,1682901429273,True,True
54970126,0.02384000,447.50000000,10.66840000,1682901450056,True,True
54970127,0.02384000,1048.70000000,25.00100800,1682901450056,True,True
54970128,0.02384000,22647.30000000,539.91163200,1682901450056,True,True
54970129,0.02383000,1049.40000000,25.00720200,1682901457861,True,True
54970130,0.02383000,2499.80000000,59.57023400,1682901457861,True,True
54970131,0.02383000,7757.00000000,184.84931000,1682901457861,True,True
54970132,0.02383000,2898.50000000,69.07125500,1682901457861,True,True
54970133,0.02383000,4898.50000000,116.73125500,1682901472772,True,True
54970134,0.02383000,8956.00000000,213.42148000,1682901472772,True,True
54970135,0.02383000,7785.00000000,185.51655000,1682901472772,True,True
54970136,0.02383000,7584.00000000,180.72672000,1682901472772,True,True
54970137,0.02383000,8442.00000000,201.17286000,1682901472772,True,True
54970138,0.02383000,8841.00000000,210.68103000,1682901472772,True,True
54970139,0.02383000,7776.00000000,185.30208000,1682901472772,True,True
54970140,0.02383000,9564.00000000,227.91012000,1682901472772,True,True
54970141,0.02383000,243.90000000,5.81213700,1682901472772,True,True
54970142,0.02383000,7334.10000000,174.77160300,1682901472798,True,True
54970143,0.02383000,2109.90000000,50.27891700,1682901472798,True,True
54970144,0.02383000,5480.10000000,130.59078300,1682901472819,True,True
54970145,0.02383000,7757.00000000,184.84931000,1682901472819,True,True
54970146,0.02383000,4426.40000000,105.48111200,1682901472819,True,True
54970147,0.02383000,3349.60000000,79.82096800,1682901472824,True,True
54970148,0.02384000,2115.00000000,50.42160000,1682901479070,False,True
54970149,0.02382000,7052.20000000,167.98340400,1682901522035,True,True
54970150,0.02382000,2561.60000000,61.01731200,1682901522056,True,True
54970151,0.02382000,3057.50000000,72.82965000,1682901522056,True,True
54970152,0.02382000,660.40000000,15.73072800,1682901522056,True,True
54970153,0.02382000,2459.50000000,58.58529000,1682901608676,True,True
54970154,0.02382000,2107.90000000,50.21017800,1682901608676,True,True
54970155,0.02383000,1050.70000000,25.03818100,1682901611658,False,True
54970156,0.02383000,3509.30000000,83.62661900,1682901611658,False,True
54970157,0.02383000,4352.00000000,103.70816000,1682901613515,False,True
54970158,0.02383000,3866.20000000,92.13154600,1682901614493,False,True
54970159,0.02383000,793.80000000,18.91625400,1682901614493,False,True
54970160,0.02383000,1678.00000000,39.98674000,1682901629663,False,True
54970161,0.02383000,551.20000000,13.13509600,1682901741338,False,True
54970162,0.02383000,10742.70000000,255.99854100,1682901753325,False,True
54970163,0.02383000,7494.00000000,178.58202000,1682901762430,False,True
54970164,0.02383000,902.00000000,21.49466000,1682901762438,False,True
54970165,0.02383000,463.00000000,11.03329000,1682901772482,False,True
54970166,0.02382000,1602.80000000,38.17869600,1682901781527,True,True
54970167,0.02382000,12298.60000000,292.95265200,1682901833694,False,True
54970168,0.02382000,12678.80000000,302.00901600,1682901833705,False,True
54970169,0.02382000,17667.70000000,420.84461400,1682901833713,False,True
54970170,0.02382000,7744.90000000,184.48351800,1682901833713,False,True
54970171,0.02383000,5999.80000000,142.97523400,1682901833766,False,True
54970172,0.02383000,1066.20000000,25.40754600,1682901833766,False,True
54970173,0.02383000,2934.00000000,69.91722000,1682901833768,False,True
54970174,0.02383000,197.00000000,4.69451000,1682901833830,False,True
54970175,0.02383000,8760.10000000,208.75318300,1682901833830,False,True
54970176,0.02383000,3514.60000000,83.75291800,1682901833830,False,True
54970177,0.02383000,5999.80000000,142.97523400,1682901833835,False,True
54970178,0.02384000,2818.20000000,67.18588800,1682901833835,False,True
54970179,0.02383000,4199.00000000,100.06217000,1682901833887,False,True
54970180,0.02384000,489.00000000,11.65776000,1682901833887,False,True
54970181,0.02384000,2692.60000000,64.19158400,1682901833895,False,True
54970182,0.02384000,615.40000000,14.67113600,1682901833895,False,True
54970183,0.02383000,8392.70000000,199.99804100,1682901833920,True,True
54970184,0.02384000,3580.10000000,85.34958400,1682901833924,False,True
54970185,0.02384000,12544.60000000,299.06326400,1682901833924,False,True
54970186,0.02384000,5999.80000000,143.03523200,1682901833924,False,True
54970187,0.02385000,1052.40000000,25.09974000,1682901833924,False,True
54970188,0.02385000,1130.10000000,26.95288500,1682901833924,False,True
54970189,0.02384000,1549.00000000,36.92816000,1682901833936,False,True
54970190,0.02384000,2650.00000000,63.17600000,1682901833945,False,True
54970191,0.02384000,3717.90000000,88.63473600,1682901833945,False,True
54970192,0.02384000,5999.80000000,143.03523200,1682901833945,False,True
54970193,0.02385000,4869.70000000,116.14234500,1682901833945,False,True
54970194,0.02385000,2900.60000000,69.17931000,1682901833945,False,True
54970195,0.02385000,5911.40000000,140.98689000,1682901833950,False,True
54970196,0.02385000,7519.60000000,179.34246000,1682901833950,False,True
54970197,0.02385000,15117.00000000,360.54045000,1682901833957,False,True
54970198,0.02385000,15117.00000000,360.54045000,1682901833961,False,True
54970199,0.02385000,4099.20000000,97.76592000,1682901833961,False,True
54970200,0.02385000,9170.10000000,218.70688500,1682901833961,False,True
54970201,0.02385000,587.70000000,14.01664500,1682901833961,False,True
54970202,0.02385000,5412.10000000,129.07858500,1682901834026,False,True
54970203,0.02385000,3321.50000000,79.21777500,1682901834026,False,True
54970204,0.02385000,6383.40000000,152.24409000,1682901834026,False,True
54970205,0.02385000,2005.60000000,47.83356000,1682901834042,False,True
54970206,0.02385000,16077.00000000,383.43645000,1682901834042,False,True
54970207,0.02386000,1049.70000000,25.04584200,1682901834042,False,True
54970208,0.02386000,19519.70000000,465.74004200,1682901834042,False,True
54970209,0.02386000,806.90000000,19.25263400,1682901834051,False,True
54970210,0.02386000,14310.10000000,341.43898600,1682901834051,False,True
54970211,0.02386000,15117.00000000,360.69162000,1682901834067,False,True
54970212,0.02386000,3184.40000000,75.97978400,1682901834075,False,True
54970213,0.02386000,11932.60000000,284.71183600,1682901834075,False,True
54970214,0.02385000,10000.00000000,238.50000000,1682901834078,True,True
54970215,0.02385000,10541.60000000,251.41716000,1682901834448,False,True
54970216,0.02386000,7354.50000000,175.47837000,1682901834448,False,True
54970217,0.02386000,709.90000000,16.93821400,1682901834448,False,True
54970218,0.02386000,340.50000000,8.12433000,1682901834468,False,True
54970219,0.02386000,1048.50000000,25.01721000,1682901834468,False,True
54970220,0.02387000,1052.40000000,25.12078800,1682901834468,False,True
54970221,0.02387000,10150.60000000,242.29482200,1682901834468,False,True
54970222,0.02387000,28553.00000000,681.56011000,1682901834470,False,True
54970223,0.02387000,4816.00000000,114.95792000,1682901835362,False,True
54970224,0.02387000,9238.90000000,220.53254300,1682901835362,False,True
54970225,0.02388000,1052.40000000,25.13131200,1682901835362,False,True
54970226,0.02388000,7354.50000000,175.62546000,1682901835362,False,True
54970227,0.02389000,1090.90000000,26.06160100,1682901835362,False,True
54970228,0.02389000,5000.30000000,119.45716700,1682901835362,False,True
54970229,0.02387000,1720.00000000,41.05640000,1682901835368,True,True
54970230,0.02387000,1175.00000000,28.04725000,1682901835372,True,True
54970231,0.02388000,8375.20000000,199.99977600,1682901837686,False,True
54970232,0.02388000,7105.00000000,169.66740000,1682901838523,True,True
54970233,0.02388000,5193.60000000,124.02316800,1682901838523,True,True
54970234,0.02389000,1090.90000000,26.06160100,1682901839326,False,True
54970235,0.02389000,2688.10000000,64.21870900,1682901839326,False,True
54970236,0.02388000,1048.70000000,25.04295600,1682901840284,True,True
54970237,0.02388000,1048.70000000,25.04295600,1682901840315,True,True
54970238,0.02388000,1049.00000000,25.05012000,1682901840346,True,True
54970239,0.02388000,505.80000000,12.07850400,1682901840384,True,True
54970240,0.02388000,4713.00000000,112.54644000,1682901842651,True,True
54970241,0.02388000,1049.70000000,25.06683600,1682901842651,True,True
54970242,0.02389000,6346.00000000,151.60594000,1682901843924,False,True
54970243,0.02389000,964.60000000,23.04429400,1682901844013,False,True
54970244,0.02389000,1090.90000000,26.06160100,1682901844013,False,True
54970245,0.02389000,2074.50000000,49.55980500,1682901844013,False,True
54970246,0.02388000,1048.70000000,25.04295600,1682901848045,True,True
54970247,0.02388000,11185.60000000,267.11212800,1682901865262,False,True
54970248,0.02388000,776.80000000,18.54998400,1682901881688,False,True
54970249,0.02388000,10994.20000000,262.54149600,1682901882137,False,True
54970250,0.02388000,8375.20000000,199.99977600,1682901892969,True,True
54970251,0.02388000,9992.60000000,238.62328800,1682901892969,True,True
54970252,0.02387000,5484.60000000,130.91740200,1682901921571,True,True
54970253,0.02386000,1050.60000000,25.06731600,1682901921571,True,True
54970254,0.02386000,505.50000000,12.06123000,1682901921571,True,True
54970255,0.02385000,781.80000000,18.64593000,1682901993950,True,True
54970256,0.02385000,267.40000000,6.37749000,1682901993961,True,True
54970257,0.02385000,10484.20000000,250.04817000,1682901993961,True,True
54970258,0.02384000,716.70000000,17.08612800,1682902009792,False,True
54970259,0.02384000,1050.20000000,25.03676800,1682902078518,True,True
54970260,0.02383000,9240.90000000,220.21064700,1682902103610,True,True
54970261,0.02383000,1050.20000000,25.02626600,1682902108829,True,True
54970262,0.02383000,1051.00000000,25.04533000,1682902108912,True,True
54970263,0.02383000,1051.20000000,25.05009600,1682902109027,True,True
54970264,0.02383000,565.50000000,13.47586500,1682902109058,True,True
54970265,0.02383000,485.70000000,11.57423100,1682902109058,True,True
54970266,0.02383000,563.30000000,13.42343900,1682902109767,True,True
54970267,0.02383000,420.00000000,10.00860000,1682902122067,True,True
54970268,0.02383000,500.00000000,11.91500000,1682902136886,True,True
54970269,0.02384000,510.00000000,12.15840000,1682902145865,True,True
54970270,0.02384000,420.00000000,10.01280000,1682902149767,True,True
54970271,0.02384000,500.00000000,11.92000000,1682902151932,True,True
54970272,0.02384000,500.00000000,11.92000000,1682902162832,True,True
54970273,0.02383000,500.00000000,11.91500000,1682902165956,True,True
54970274,0.02384000,1051.00000000,25.05584000,1682902168940,False,True
54970275,0.02384000,2666.90000000,63.57889600,1682902168940,False,True
54970276,0.02384000,3717.90000000,88.63473600,1682902168940,False,True
54970277,0.02384000,420.00000000,10.01280000,1682902169995,True,True
54970278,0.02384000,420.00000000,10.01280000,1682902170175,True,True
54970279,0.02385000,850.00000000,20.27250000,1682902171418,False,True
54970280,0.02385000,500.00000000,11.92500000,1682902173617,True,True
54970281,0.02385000,420.00000000,10.01700000,1682902180227,True,True
54970282,0.02385000,128.50000000,3.06472500,1682902186920,True,True
54970283,0.02384000,3673.70000000,87.58100800,1682902192262,True,True
54970284,0.02382000,4199.00000000,100.02018000,1682902288910,True,True
54970285,0.02382000,16224.70000000,386.47235400,1682902288910,True,True
54970286,0.02381000,1049.20000000,24.98145200,1682902288953,True,True
54970287,0.02381000,6881.80000000,163.85565800,1682902288953,True,True
54970288,0.02381000,10956.60000000,260.87664600,1682902289108,True,True
54970289,0.02381000,11505.10000000,273.93643100,1682902289108,True,True
54970290,0.02381000,8399.80000000,199.99923800,1682902342715,False,True
54970291,0.02381000,3968.70000000,94.49474700,1682902433452,True,True
54970292,0.02381000,5999.80000000,142.85523800,1682902433459,True,True
54970293,0.02381000,4602.00000000,109.57362000,1682902433459,True,True
54970294,0.02381000,3043.00000000,72.45383000,1682902433459,True,True
54970295,0.02381000,12614.40000000,300.34886400,1682902433459,True,True
54970296,0.02380000,1049.90000000,24.98762000,1682902441790,False,True
54970297,0.02378000,2530.30000000,60.17053400,1682902537609,False,True
54970298,0.02378000,6258.40000000,148.82475200,1682902537609,False,True
54970299,0.02378000,13097.80000000,311.46568400,1682902537614,False,True
54970300,0.02378000,1052.10000000,25.01893800,1682902540585,True,True
54970301,0.02378000,1051.90000000,25.01418200,1682902540657,True,True
54970302,0.02378000,1726.20000000,41.04903600,1682902569182,True,True
54970303,0.02378000,1587.30000000,37.74599400,1682902713349,True,True
54970304,0.02378000,632.00000000,15.02896000,1682902716116,True,True
54970305,0.02379000,3717.90000000,88.44884100,1682902744687,False,True
54970306,0.02379000,9241.50000000,219.85528500,1682902744687,False,True
54970307,0.02380000,5999.80000000,142.79524000,1682902783781,False,True
54970308,0.02380000,3717.90000000,88.48602000,1682902834995,True,True
54970309,0.02380000,5999.80000000,142.79524000,1682902834995,True,True
54970310,0.02380000,10155.10000000,241.69138000,1682902834995,True,True
54970311,0.02380000,3717.90000000,88.48602000,1682902835005,True,True
54970312,0.02380000,1051.20000000,25.01856000,1682902835027,False,True
54970313,0.02378000,1012.00000000,24.06536000,1682902839848,True,True
54970314,0.02379000,1051.20000000,25.00804800,1682902839960,False,True
54970315,0.02379000,23829.60000000,566.90618400,1682902846156,True,True
54970316,0.02379000,1050.20000000,24.98425800,1682902846215,False,True
54970317,0.02380000,1109.60000000,26.40848000,1682902978885,True,True
54970318,0.02380000,1683.70000000,40.07206000,1682903068984,True,True
54970319,0.02380000,2100.80000000,49.99904000,1682903078698,True,True
54970320,0.02380000,1050.70000000,25.00666000,1682903098590,False,True
54970321,0.02379000,1934.70000000,46.02651300,1682903205873,True,True
54970322,0.02380000,727.40000000,17.31212000,1682903211302,False,True
54970323,0.02379000,1051.20000000,25.00804800,1682903265544,False,True
54970324,0.02379000,1050.70000000,24.99615300,1682903265748,False,True
54970325,0.02378000,2184.80000000,51.95454400,1682903402112,True,True
54970326,0.02378000,11835.50000000,281.44819000,1682903426090,False,True
54970327,0.02378000,6604.50000000,157.05501000,1682903426090,False,True
54970328,0.02378000,2272.50000000,54.04005000,1682903426090,False,True
54970329,0.02378000,3909.50000000,92.96791000,1682903426090,False,True
54970330,0.02379000,1.70000000,0.04044300,1682903430083,False,True
54970331,0.02379000,1051.50000000,25.01518500,1682903430083,False,True
54970332,0.02379000,10220.00000000,243.13380000,1682903430083,False,True
54970333,0.02379000,1453.90000000,34.58828100,1682903431239,False,True
54970334,0.02379000,1053.20000000,25.05562800,1682903431239,False,True
54970335,0.02379000,11852.10000000,281.96145900,1682903431239,False,True
54970336,0.02380000,1053.20000000,25.06616000,1682903434183,True,True
54970337,0.02381000,10339.10000000,246.17397100,1682903434975,False,True
54970338,0.02381000,1050.40000000,25.01002400,1682903435482,True,True
54970339,0.02382000,11262.40000000,268.27036800,1682903437848,False,True
54970340,0.02382000,8396.30000000,199.99986600,1682903441300,True,True
54970341,0.02382000,3663.10000000,87.25504200,1682903441300,True,True
54970342,0.02382000,922.60000000,21.97633200,1682903442930,False,True
54970343,0.02382000,129.80000000,3.09183600,1682903442989,False,True
54970344,0.02382000,12110.70000000,288.47687400,1682903442989,False,True
54970345,0.02382000,5129.10000000,122.17516200,1682903443006,True,True
54970346,0.02382000,12110.10000000,288.46258200,1682903444220,False,True
54970347,0.02382000,12110.50000000,288.47211000,1682903445555,False,True
54970348,0.02382000,1050.40000000,25.02052800,1682903445555,False,True
54970349,0.02380000,1051.20000000,25.01856000,1682903487583,False,True
54970350,0.02380000,1051.20000000,25.01856000,1682903487665,False,True
54970351,0.02380000,1050.20000000,24.99476000,1682903487741,False,True
54970352,0.02379000,1053.20000000,25.05562800,1682903497341,True,True
54970353,0.02378000,1050.40000000,24.97851200,1682903497892,False,True
54970354,0.02377000,1051.70000000,24.99890900,1682903508148,True,True
54970355,0.02377000,6604.50000000,156.98896500,1682903508148,True,True
54970356,0.02376000,6313.10000000,149.99925600,1682903509353,True,True
54970357,0.02376000,7071.40000000,168.01646400,1682903509353,True,True
54970358,0.02375000,3875.00000000,92.03125000,1682903509362,True,True
54970359,0.02376000,448.20000000,10.64923200,1682903510641,False,True
54970360,0.02376000,604.50000000,14.36292000,1682903512315,False,True
54970361,0.02376000,4199.00000000,99.76824000,1682903512315,False,True
54970362,0.02376000,5705.60000000,135.56505600,1682903512315,False,True
54970363,0.02376000,5575.70000000,132.47863200,1682903512334,False,True
54970364,0.02377000,812.10000000,19.30361700,1682903532957,False,True
54970365,0.02377000,240.60000000,5.71906200,1682903550222,False,True
54970366,0.02377000,9423.20000000,223.98946400,1682903550222,False,True
54970367,0.02377000,6267.20000000,148.97134400,1682903553979,True,True
54970368,0.02377000,1404.60000000,33.38734200,1682903554004,True,True
54970369,0.02377000,2804.00000000,66.65108000,1682903554005,True,True
54970370,0.02378000,831.20000000,19.76593600,1682903579693,False,True
54970371,0.02377000,1054.10000000,25.05595700,1682903631079,True,True
54970372,0.02377000,7454.80000000,177.20059600,1682903631079,True,True
54970373,0.02377000,837.00000000,19.89549000,1682903668192,True,True
54970374,0.02377000,1393.40000000,33.12111800,1682903744955,True,True
54970375,0.02378000,3341.90000000,79.47038200,1682903752782,False,True
54970376,0.02379000,291.40000000,6.93240600,1682903752782,False,True
54970377,0.02380000,6604.50000000,157.18710000,1682903774361,False,True
54970378,0.02380000,17344.20000000,412.79196000,1682903774361,False,True
54970379,0.02382000,2880.90000000,68.62303800,1682903801419,True,True
54970380,0.02382000,1053.70000000,25.09913400,1682903801419,True,True
54970381,0.02382000,12150.20000000,289.41776400,1682903801419,True,True
54970382,0.02382000,161.20000000,3.83978400,1682903808862,True,True
54970383,0.02382000,1051.50000000,25.04673000,1682903808862,True,True
54970384,0.02382000,1839.50000000,43.81689000,1682903808862,True,True
54970385,0.02380000,1006.90000000,23.96422000,1682903849330,False,True
54970386,0.02380000,1049.20000000,24.97096000,1682903849365,False,True
54970387,0.02380000,10000.00000000,238.00000000,1682903954233,True,True
54970388,0.02379000,1051.70000000,25.01994300,1682903969695,False,True
54970389,0.02378000,1303.00000000,30.98534000,1682903980876,True,True
54970390,0.02378000,5301.50000000,126.06967000,1682903980879,True,True
54970391,0.02378000,749.00000000,17.81122000,1682904015469,False,True
54970392,0.02378000,537.30000000,12.77699400,1682904015469,False,True
54970393,0.02378000,1051.60000000,25.00704800,1682904015469,False,True
54970394,0.02381000,913.90000000,21.75995900,1682904065140,True,True
54970395,0.02381000,139.30000000,3.31673300,1682904065141,True,True
54970396,0.02380000,610.10000000,14.52038000,1682904067525,False,True
54970397,0.02380000,440.10000000,10.47438000,1682904067525,False,True
54970398,0.02381000,6604.50000000,157.25314500,1682904072667,False,True
54970399,0.02381000,5394.60000000,128.44542600,1682904072667,False,True
54970400,0.02380000,1050.20000000,24.99476000,1682904096247,False,True
54970401,0.02381000,1050.70000000,25.01716700,1682904125732,True,True
54970402,0.02380000,1050.70000000,25.00666000,1682904251232,True,True
54970403,0.02380000,6604.50000000,157.18710000,1682904251232,True,True
54970404,0.02379000,2344.80000000,55.78279200,1682904251232,True,True
54970405,0.02379000,8810.00000000,209.58990000,1682904262580,True,True
54970406,0.02379000,901.50000000,21.44668500,1682904284458,True,True
54970407,0.02379000,6604.50000000,157.12105500,1682904284458,True,True
54970408,0.02378000,2494.00000000,59.30732000,1682904284458,True,True
54970409,0.02379000,1052.40000000,25.03659600,1682904298302,False,True
54970410,0.02379000,11163.30000000,265.57490700,1682904298302,False,True
54970411,0.02380000,8403.30000000,199.99854000,1682904298302,False,True
54970412,0.02380000,5589.00000000,133.01820000,1682904298302,False,True
54970413,0.02378000,1875.80000000,44.60652400,1682904378433,False,True
54970414,0.02378000,5699.20000000,135.52697600,1682904378433,False,True
54970415,0.02380000,739.90000000,17.60962000,1682904424772,False,True
54970416,0.02380000,1050.70000000,25.00666000,1682904606386,False,True
54970417,0.02381000,1051.90000000,25.04573900,1682904612628,True,True
54970418,0.02382000,1050.70000000,25.02767400,1682904614620,True,True
54970419,0.02384000,524.40000000,12.50169600,1682904630182,False,True
54970420,0.02384000,461.50000000,11.00216000,1682904633268,False,True
54970421,0.02384000,839.00000000,20.00176000,1682904633422,False,True
54970422,0.02384000,3656.40000000,87.16857600,1682904633488,False,True
54970423,0.02384000,810.60000000,19.32470400,1682904633488,False,True
54970424,0.02384000,969.40000000,23.11049600,1682904633503,True,True
54970425,0.02386000,1047.70000000,24.99812200,1682904666851,True,True
54970426,0.02386000,1050.70000000,25.06970200,1682904669206,False,True
54970427,0.02386000,5161.90000000,123.16293400,1682904669206,False,True
54970428,0.02386000,0.10000000,0.00238600,1682904669210,False,True
54970429,0.02387000,506.20000000,12.08299400,1682904691228,True,True
54970430,0.02388000,1047.10000000,25.00474800,1682904699044,False,True
54970431,0.02388000,760.00000000,18.14880000,1682904699089,False,True
54970432,0.02388000,1047.00000000,25.00236000,1682904699931,False,True
54970433,0.02388000,420.00000000,10.02960000,1682904724283,False,True
54970434,0.02388000,86.20000000,2.05845600,1682904724747,False,True
54970435,0.02388000,413.80000000,9.88154400,1682904724747,False,True
54970436,0.02389000,420.00000000,10.03380000,1682904728975,False,True
54970437,0.02388000,3717.90000000,88.78345200,1682904736505,True,True
54970438,0.02388000,3291.90000000,78.61057200,1682904736505,True,True
54970439,0.02389000,420.00000000,10.03380000,1682904736633,False,True
54970440,0.02389000,500.00000000,11.94500000,1682904736922,False,True
54970441,0.02388000,500.00000000,11.94000000,1682904754798,False,True
54970442,0.02387000,804.50000000,19.20341500,1682904784954,True,True
54970443,0.02387000,8515.60000000,203.26737200,1682904822204,True,True
54970444,0.02387000,6803.10000000,162.38999700,1682904822204,True,True
54970445,0.02386000,5942.30000000,141.78327800,1682904845657,True,True
54970446,0.02384000,79.60000000,1.89766400,1682904852634,True,True
54970447,0.02384000,359.00000000,8.55856000,1682904852634,True,True
54970448,0.02384000,5583.30000000,133.10587200,1682904856365,True,True
54970449,0.02384000,7883.30000000,187.93787200,1682904856365,True,True
54970450,0.02383000,10000.00000000,238.30000000,1682904857179,False,True
54970451,0.02383000,3217.90000000,76.68255700,1682904886860,False,True
54970452,0.02383000,1050.60000000,25.03579800,1682904886860,False,True
54970453,0.02383000,500.00000000,11.91500000,1682904987141,False,True
54970454,0.02383000,420.00000000,10.00860000,1682904987501,False,True
54970455,0.02383000,131.00000000,3.12173000,1682904991844,False,True
54970456,0.02383000,289.00000000,6.88687000,1682904991844,False,True
54970457,0.02383000,420.00000000,10.00860000,1682905083181,False,True
54970458,0.02382000,1049.90000000,25.00861800,1682905088645,True,True
54970459,0.02382000,2668.00000000,63.55176000,1682905088656,True,True
54970460,0.02382000,1050.70000000,25.02767400,1682905088669,True,True
54970461,0.02382000,1.00000000,0.02382000,1682905088693,True,True
54970462,0.02382000,1049.60000000,25.00147200,1682905088693,True,True
54970463,0.02381000,1050.20000000,25.00526200,1682905088779,True,True
54970464,0.02381000,12158.70000000,289.49864700,1682905088779,True,True
54970465,0.02380000,1050.50000000,25.00190000,1682905088822,True,True
54970466,0.02380000,7360.70000000,175.18466000,1682905088822,True,True
54970467,0.02380000,1831.70000000,43.59446000,1682905088822,True,True
54970468,0.02380000,1430.00000000,34.03400000,1682905088891,True,True
54970469,0.02381000,520.00000000,12.38120000,1682905089048,False,True
54970470,0.02380000,810.00000000,19.27800000,1682905097670,True,True
54970471,0.02380000,1870.60000000,44.52028000,1682905098855,True,True
54970472,0.02380000,5942.30000000,141.42674000,1682905098870,True,True
54970473,0.02380000,420.00000000,9.99600000,1682905098900,False,True
54970474,0.02380000,510.00000000,12.13800000,1682905101887,False,True
54970475,0.02378000,1051.20000000,24.99753600,1682905105659,False,True
54970476,0.02377000,1052.00000000,25.00604000,1682905109601,True,True
54970477,0.02377000,0.10000000,0.00237700,1682905109620,True,True
54970478,0.02376000,810.60000000,19.25985600,1682905109931,True,True
54970479,0.02376000,3540.30000000,84.11752800,1682905109932,True,True
54970480,0.02376000,811.10000000,19.27173600,1682905110194,True,True
54970481,0.02374000,191.70000000,4.55095800,1682905111001,True,True
54970482,0.02373000,3965.30000000,94.09656900,1682905111001,True,True
54970483,0.02373000,1977.00000000,46.91421000,1682905111001,True,True
54970484,0.02373000,36698.60000000,870.85777800,1682905111001,True,True
54970485,0.02373000,4399.80000000,104.40725400,1682905111051,True,True
54970486,0.02373000,4204.50000000,99.77278500,1682905111051,True,True
54970487,0.02373000,4209.60000000,99.89380800,1682905111051,True,True
54970488,0.02372000,3029.10000000,71.85025200,1682905111051,True,True
54970489,0.02373000,5885.00000000,139.65105000,1682905111171,True,True
54970490,0.02373000,57.30000000,1.35972900,1682905111171,True,True
54970491,0.02373000,5885.00000000,139.65105000,1682905111171,True,True
54970492,0.02373000,1699.00000000,40.31727000,1682905111172,True,True
54970493,0.02373000,1216.70000000,28.87229100,1682905111568,False,True
54970494,0.02373000,1054.10000000,25.01379300,1682905111568,False,True
54970495,0.02373000,5942.30000000,141.01077900,1682905111959,False,True
54970496,0.02373000,3717.90000000,88.22576700,1682905112053,True,True
54970497,0.02373000,495.20000000,11.75109600,1682905112072,True,True
54970498,0.02373000,3541.20000000,84.03267600,1682905112497,False,True
54970499,0.02373000,176.70000000,4.19309100,1682905112525,False,True
54970500,0.02373000,4145.00000000,98.36085000,1682905112525,False,True
54970501,0.02373000,1574.90000000,37.37237700,1682905112525,False,True
54970502,0.02373000,1012.40000000,24.02425200,1682905112696,False,True
54970503,0.02373000,9564.00000000,226.95372000,1682905112779,True,True
54970504,0.02372000,3717.90000000,88.18858800,1682905116479,True,True
54970505,0.02371000,793.50000000,18.81388500,1682905116485,True,True
54970506,0.02371000,528.80000000,12.53784800,1682905116485,True,True
54970507,0.02371000,2108.90000000,50.00201900,1682905116485,True,True
54970508,0.02371000,526.70000000,12.48805700,1682905116485,True,True
54970509,0.02370000,449.20000000,10.64604000,1682905117137,True,True
54970510,0.02370000,505.90000000,11.98983000,1682905117137,True,True
54970511,0.02370000,159.90000000,3.78963000,1682905117137,True,True
54970512,0.02370000,866.80000000,20.54316000,1682905118771,True,True
54970513,0.02369000,446.40000000,10.57521600,1682905119000,True,True
54970514,0.02369000,2403.60000000,56.94128400,1682905119000,True,True
54970515,0.02368000,2873.50000000,68.04448000,1682905120204,True,True
54970516,0.02368000,1244.50000000,29.46976000,1682905120204,True,True
54970517,0.02368000,1244.50000000,29.46976000,1682905120251,True,True
54970518,0.02368000,8635.00000000,204.47680000,1682905120263,True,True
54970519,0.02368000,1244.50000000,29.46976000,1682905120263,True,True
54970520,0.02368000,1053.60000000,24.94924800,1682905120263,True,True
54970521,0.02368000,190.90000000,4.52051200,1682905120321,True,True
54970522,0.02368000,1244.50000000,29.46976000,1682905120321,True,True
54970523,0.02368000,1244.50000000,29.46976000,1682905120321,True,True
54970524,0.02368000,1244.50000000,29.46976000,1682905120321,True,True
54970525,0.02368000,298.50000000,7.06848000,1682905120321,True,True
54970526,0.02368000,946.00000000,22.40128000,1682905120321,True,True
54970527,0.02368000,1244.50000000,29.46976000,1682905120321,True,True
54970528,0.02368000,1244.10000000,29.46028800,1682905120321,True,True
54970529,0.02367000,1053.60000000,24.93871200,1682905120443,True,True
54970530,0.02367000,4224.70000000,99.99864900,1682905120467,True,True
54970531,0.02367000,4224.70000000,99.99864900,1682905120467,True,True
54970532,0.02367000,61.00000000,1.44387000,1682905120467,True,True
54970533,0.02367000,1098.90000000,26.01096300,1682905120669,False,True
54970534,0.02365000,540.20000000,12.77573000,1682905121080,True,True
54970535,0.02365000,1473.70000000,34.85300500,1682905121080,True,True
54970536,0.02365000,5942.30000000,140.53539500,1682905121080,True,True
54970537,0.02365000,4226.50000000,99.95672500,1682905121080,True,True
54970538,0.02364000,1912.00000000,45.19968000,1682905121726,True,True
54970539,0.02365000,887.70000000,20.99410500,1682905122671,False,True
54970540,0.02364000,13581.00000000,321.05484000,1682905124757,True,True
54970541,0.02364000,15317.10000000,362.09624400,1682905124764,True,True
54970542,0.02364000,3919.10000000,92.64752400,1682905124770,True,True
54970543,0.02364000,12453.50000000,294.40074000,1682905124775,True,True
54970544,0.02364000,1836.70000000,43.41958800,1682905124775,True,True
54970545,0.02364000,1026.90000000,24.27591600,1682905124776,True,True
54970546,0.02364000,484.40000000,11.45121600,1682905124815,False,True
54970547,0.02363000,461.00000000,10.89343000,1682905125850,True,True
54970548,0.02363000,8635.00000000,204.04505000,1682905125850,True,True
54970549,0.02362000,2327.80000000,54.98263600,1682905126407,True,True
54970550,0.02362000,1036.90000000,24.49157800,1682905126407,True,True
54970551,0.02362000,423.40000000,10.00070800,1682905126407,True,True
54970552,0.02362000,9564.00000000,225.90168000,1682905126407,True,True
54970553,0.02361000,793.50000000,18.73453500,1682905126412,True,True
54970554,0.02362000,495.40000000,11.70134800,1682905126668,False,True
54970555,0.02361000,4227.00000000,99.79947000,1682905126759,True,True
54970556,0.02362000,465.90000000,11.00455800,1682905128241,False,True
54970557,0.02362000,98.60000000,2.32893200,1682905128666,False,True
54970558,0.02362000,343.50000000,8.11347000,1682905128666,False,True
54970559,0.02361000,3558.00000000,84.00438000,1682905128699,True,True
54970560,0.02360000,5942.30000000,140.23828000,1682905129160,False,True
54970561,0.02361000,1887.80000000,44.57095800,1682905129727,False,True
54970562,0.02361000,8665.00000000,204.58065000,1682905129976,False,True
54970563,0.02362000,7360.70000000,173.85973400,1682905129981,False,True
54970564,0.02362000,42443.20000000,1002.50838400,1682905129981,False,True
54970565,0.02362000,2728.00000000,64.43536000,1682905130216,True,True
54970566,0.02362000,3214.30000000,75.92176600,1682905131035,True,True
54970567,0.02362000,1058.20000000,24.99468400,1682905131035,True,True
54970568,0.02361000,804.50000000,18.99424500,1682905132668,False,True
54970569,0.02359000,1669.80000000,39.39058200,1682905134122,True,True
54970570,0.02359000,1834.00000000,43.26406000,1682905135169,True,True
54970571,0.02359000,4281.20000000,100.99350800,1682905135174,True,True
54970572,0.02359000,9564.00000000,225.61476000,1682905135231,True,True
54970573,0.02358000,449.20000000,10.59213600,1682905135346,True,True
54970574,0.02358000,210.80000000,4.97066400,1682905135346,True,True
54970575,0.02359000,8635.00000000,203.69965000,1682905136051,False,True
54970576,0.02359000,8635.00000000,203.69965000,1682905136698,False,True
54970577,0.02359000,10000.00000000,235.90000000,1682905137375,True,True
54970578,0.02360000,624.00000000,14.72640000,1682905137704,False,True
54970579,0.02360000,1541.80000000,36.38648000,1682905138687,False,True
54970580,0.02358000,235.60000000,5.55544800,1682905139502,True,True
54970581,0.02357000,1058.20000000,24.94177400,1682905139502,True,True
54970582,0.02357000,26.20000000,0.61753400,1682905139502,True,True
54970583,0.02357000,1834.00000000,43.22738000,1682905139544,True,True
54970584,0.02358000,8458.20000000,199.44435600,1682905140191,False,True
54970585,0.02358000,1541.80000000,36.35564400,1682905140191,False,True
54970586,0.02359000,5942.30000000,140.17885700,1682905140191,False,True
54970587,0.02359000,1062.20000000,25.05729800,1682905140191,False,True
54970588,0.02359000,9490.40000000,223.87853600,1682905140203,True,True
54970589,0.02356000,528.80000000,12.45852800,1682905141036,True,True
54970590,0.02356000,1059.90000000,24.97124400,1682905141036,True,True
54970591,0.02356000,5942.30000000,140.00058800,1682905141036,True,True
54970592,0.02356000,1104.00000000,26.01024000,1682905141036,True,True
54970593,0.02356000,6681.00000000,157.40436000,1682905141038,True,True
54970594,0.02356000,6416.80000000,151.17980800,1682905141171,True,True
54970595,0.02356000,2218.10000000,52.25843600,1682905141217,True,True
54970596,0.02356000,0.10000000,0.00235600,1682905141256,True,True
54970597,0.02356000,8521.00000000,200.75476000,1682905141256,True,True
54970598,0.02355000,278.90000000,6.56809500,1682905141499,True,True
54970599,0.02355000,1527.30000000,35.96791500,1682905141499,True,True
54970600,0.02354000,4201.60000000,98.90566400,1682905142673,True,True
54970601,0.02355000,589.00000000,13.87095000,1682905142700,False,True
54970602,0.02355000,407.70000000,9.60133500,1682905142700,False,True
54970603,0.02354000,2807.70000000,66.09325800,1682905142825,True,True
54970604,0.02354000,2200.00000000,51.78800000,1682905142825,True,True
54970605,0.02354000,2200.00000000,51.78800000,1682905142825,True,True
54970606,0.02353000,21277.40000000,500.65722200,1682905143712,True,True
54970607,0.02353000,7452.60000000,175.35967800,1682905143737,True,True
54970608,0.02353000,2200.00000000,51.76600000,1682905143737,True,True
54970609,0.02353000,9564.00000000,225.04092000,1682905143737,True,True
54970610,0.02352000,505.90000000,11.89876800,1682905144176,True,True
54970611,0.02352000,1700.70000000,40.00046400,1682905144176,True,True
54970612,0.02352000,7015.30000000,164.99985600,1682905144176,True,True
54970613,0.02351000,793.50000000,18.65518500,1682905144801,True,True
54970614,0.02351000,1026.70000000,24.13771700,1682905144801,True,True
54970615,0.02351000,12742.70000000,299.58087700,1682905144801,True,True
54970616,0.02351000,2126.80000000,50.00106800,1682905144801,True,True
54970617,0.02351000,10215.40000000,240.16405400,1682905144801,True,True
54970618,0.02350000,1042.20000000,24.49170000,1682905144801,True,True
54970619,0.02350000,8316.30000000,195.43305000,1682905144801,True,True
54970620,0.02350000,6530.90000000,153.47615000,1682905144801,True,True
54970621,0.02350000,13094.20000000,307.71370000,1682905145022,True,True
54970622,0.02350000,2040.00000000,47.94000000,1682905145039,True,True
54970623,0.02350000,1887.30000000,44.35155000,1682905145181,True,True
54970624,0.02350000,9375.00000000,220.31250000,1682905145181,True,True
54970625,0.02350000,10000.00000000,235.00000000,1682905145181,True,True
54970626,0.02350000,3000.00000000,70.50000000,1682905145181,True,True
54970627,0.02350000,21276.50000000,499.99775000,1682905145181,True,True
54970628,0.02350000,4255.30000000,99.99955000,1682905145181,True,True
54970629,0.02350000,2270.20000000,53.34970000,1682905145181,True,True
54970630,0.02350000,6375.80000000,149.83130000,1682905145181,True,True
54970631,0.02350000,10966.00000000,257.70100000,1682905145181,True,True
54970632,0.02350000,11727.00000000,275.58450000,1682905145181,True,True
54970633,0.02350000,4253.50000000,99.95725000,1682905145181,True,True
54970634,0.02350000,8665.00000000,203.62750000,1682905145181,True,True
54970635,0.02350000,4253.50000000,99.95725000,1682905145389,True,True
54970636,0.02350000,7651.00000000,179.79850000,1682905145515,True,True
54970637,0.02349000,718.50000000,16.87756500,1682905145689,True,True
54970638,0.02349000,567.80000000,13.33762200,1682905145689,True,True
54970639,0.02349000,11400.50000000,267.79774500,1682905145689,True,True
54970640,0.02349000,512.20000000,12.03157800,1682905145689,True,True
54970641,0.02348000,2341.60000000,54.98076800,1682905145689,True,True
54970642,0.02348000,2071.10000000,48.62942800,1682905145689,True,True
54970643,0.02348000,446.40000000,10.48147200,1682905145689,True,True
54970644,0.02348000,1063.70000000,24.97567600,1682905145689,True,True
54970645,0.02347000,449.20000000,10.54272400,1682905145689,True,True
54970646,0.02347000,1063.70000000,24.96503900,1682905145689,True,True
54970647,0.02347000,39749.00000000,932.90903000,1682905145689,True,True
54970648,0.02347000,1858.70000000,43.62368900,1682905145689,True,True
54970649,0.02346000,1063.70000000,24.95440200,1682905145689,True,True
54970650,0.02345000,2134.00000000,50.04230000,1682905145689,True,True
54970651,0.02345000,43333.40000000,1016.16823000,1682905145689,True,True
54970652,0.02344000,24559.50000000,575.67468000,1682905145689,True,True
54970653,0.02344000,14470.90000000,339.19789600,1682905145689,True,True
54970654,0.02345000,999.00000000,23.42655000,1682905145700,False,True
54970655,0.02347000,7047.30000000,165.40013100,1682905145826,True,True
54970656,0.02346000,4521.00000000,106.06266000,1682905146007,True,True
54970657,0.02347000,22319.80000000,523.84570600,1682905146295,True,True
54970658,0.02347000,7833.00000000,183.84051000,1682905146313,True,True
54970659,0.02347000,4370.40000000,102.57328800,1682905146325,True,True
54970660,0.02347000,1766.60000000,41.46210200,1682905146325,True,True
54970661,0.02348000,1065.70000000,25.02263600,1682905146387,False,True
54970662,0.02349000,1065.70000000,25.03329300,1682905146387,False,True
54970663,0.02349000,944.00000000,22.17456000,1682905146387,False,True
54970664,0.02350000,1065.70000000,25.04395000,1682905146387,False,True
54970665,0.02350000,5942.30000000,139.64405000,1682905146387,False,True
54970666,0.02351000,5942.30000000,139.70347300,1682905146387,False,True
54970667,0.02351000,11657.90000000,274.07722900,1682905146387,False,True
54970668,0.02352000,5942.30000000,139.76289600,1682905146387,False,True
54970669,0.02352000,1063.70000000,25.01822400,1682905146387,False,True
54970670,0.02352000,3575.70000000,84.10046400,1682905146387,False,True
54970671,0.02348000,10000.00000000,234.80000000,1682905147202,True,True
54970672,0.02348000,8635.00000000,202.74980000,1682905147683,True,True
54970673,0.02347000,2384.00000000,55.95248000,1682905147780,True,True
54970674,0.02346000,2927.00000000,68.66742000,1682905148507,True,True
54970675,0.02346000,2100.00000000,49.26600000,1682905148507,True,True
54970676,0.02346000,1400.00000000,32.84400000,1682905148940,False,True
54970677,0.02347000,2130.40000000,50.00048800,1682905149751,False,True
54970678,0.02345000,9564.00000000,224.27580000,1682905150619,True,True
54970679,0.02345000,2100.00000000,49.24500000,1682905150619,True,True
54970680,0.02343000,526.70000000,12.34058100,1682905150659,True,True
54970681,0.02343000,1487.50000000,34.85212500,1682905150659,True,True
54970682,0.02343000,500.00000000,11.71500000,1682905150659,True,True
54970683,0.02343000,540.20000000,12.65688600,1682905150659,True,True
54970684,0.02342000,528.80000000,12.38449600,1682905150659,True,True
54970685,0.02342000,2101.00000000,49.20542000,1682905150659,True,True
54970686,0.02342000,3810.80000000,89.24893600,1682905150659,True,True
54970687,0.02342000,2100.00000000,49.18200000,1682905151050,True,True
54970688,0.02342000,8756.00000000,205.06552000,1682905151454,True,True
54970689,0.02342000,7751.00000000,181.52842000,1682905151454,True,True
54970690,0.02342000,8442.00000000,197.71164000,1682905151454,True,True
54970691,0.02342000,7773.00000000,182.04366000,1682905151454,True,True
54970692,0.02342000,7742.00000000,181.31764000,1682905151454,True,True
54970693,0.02342000,6044.70000000,141.56687400,1682905151454,True,True
54970694,0.02342000,1629.30000000,38.15820600,1682905151482,True,True
54970695,0.02342000,7785.00000000,182.32470000,1682905151482,True,True
54970696,0.02342000,7267.00000000,170.19314000,1682905151482,True,True
54970697,0.02342000,4598.70000000,107.70155400,1682905151482,True,True
54970698,0.02342000,3198.30000000,74.90418600,1682905151743,True,True
54970699,0.02342000,7352.00000000,172.18384000,1682905151743,True,True
54970700,0.02342000,7654.00000000,179.25668000,1682905151743,True,True
54970701,0.02342000,7662.00000000,179.44404000,1682905151743,True,True
54970702,0.02342000,3754.30000000,87.92570600,1682905151743,True,True
54970703,0.02342000,2100.00000000,49.18200000,1682905151972,True,True
54970704,0.02342000,7651.00000000,179.18642000,1682905152463,True,True
54970705,0.02341000,793.50000000,18.57583500,1682905152493,True,True
54970706,0.02341000,11860.80000000,277.66132800,1682905152493,True,True
54970707,0.02341000,13935.30000000,326.22537300,1682905152881,True,True
54970708,0.02341000,12654.30000000,296.23716300,1682905153152,True,True
54970709,0.02340000,461.00000000,10.78740000,1682905154031,True,True
54970710,0.02340000,1844.80000000,43.16832000,1682905154031,True,True
54970711,0.02340000,2810.90000000,65.77506000,1682905154117,True,True
54970712,0.02340000,2305.80000000,53.95572000,1682905154125,True,True
54970713,0.02340000,1566.00000000,36.64440000,1682905154210,False,True
54970714,0.02340000,564.40000000,13.20696000,1682905154213,False,True
54970715,0.02340000,7869.60000000,184.14864000,1682905154213,False,True
54970716,0.02340000,5942.30000000,139.04982000,1682905155000,False,True
54970717,0.02340000,1069.70000000,25.03098000,1682905155066,False,True
54970718,0.02340000,700.00000000,16.38000000,1682905155805,False,True
54970719,0.02340000,832.00000000,19.46880000,1682905157633,False,True
54970720,0.02340000,5942.30000000,139.04982000,1682905157633,False,True
54970721,0.02339000,1069.30000000,25.01092700,1682905157921,True,True
54970722,0.02340000,501.80000000,11.74212000,1682905158683,False,True
54970723,0.02339000,1074.60000000,25.13489400,1682905159472,True,True
54970724,0.02339000,2131.60000000,49.85812400,1682905159507,True,True
54970725,0.02339000,0.10000000,0.00233900,1682905161017,True,True
54970726,0.02339000,13036.30000000,304.91905700,1682905161017,True,True
54970727,0.02339000,1909.30000000,44.65852700,1682905161017,True,True
54970728,0.02340000,7773.00000000,181.88820000,1682905161104,False,True
54970729,0.02340000,7785.00000000,182.16900000,1682905161104,False,True
54970730,0.02340000,7448.00000000,174.28320000,1682905161104,False,True
54970731,0.02340000,8521.00000000,199.39140000,1682905161104,False,True
54970732,0.02340000,7654.00000000,179.10360000,1682905161104,False,True
54970733,0.02340000,7662.00000000,179.29080000,1682905161104,False,True
54970734,0.02340000,8635.00000000,202.05900000,1682905161104,False,True
54970735,0.02340000,8756.00000000,204.89040000,1682905161104,False,True
54970736,0.02341000,1069.70000000,25.04167700,1682905161110,False,True
54970737,0.02341000,41328.00000000,967.48848000,1682905161110,False,True
54970738,0.02341000,5942.30000000,139.10924300,1682905161110,False,True
54970739,0.02340000,8391.10000000,196.35174000,1682905161130,True,True
54970740,0.02339000,1470.60000000,34.39733400,1682905162772,True,True
54970741,0.02340000,7169.60000000,167.76864000,1682905162889,False,True
54970742,0.02340000,8521.00000000,199.39140000,1682905162889,False,True
54970743,0.02340000,7578.00000000,177.32520000,1682905162889,False,True
54970744,0.02340000,4281.70000000,100.19178000,1682905162889,False,True
54970745,0.02340000,7584.00000000,177.46560000,1682905162889,False,True
54970746,0.02340000,8756.00000000,204.89040000,1682905162889,False,True
54970747,0.02340000,7785.00000000,182.16900000,1682905162889,False,True
54970748,0.02340000,7448.00000000,174.28320000,1682905162889,False,True
54970749,0.02340000,7662.00000000,179.29080000,1682905162889,False,True
54970750,0.02341000,4278.00000000,100.14798000,1682905163624,False,True
54970751,0.02341000,8956.00000000,209.65996000,1682905163624,False,True
54970752,0.02341000,7757.00000000,181.59137000,1682905163624,False,True
54970753,0.02341000,8442.00000000,197.62722000,1682905163624,False,True
54970754,0.02341000,7776.00000000,182.03616000,1682905163624,False,True
54970755,0.02341000,5305.00000000,124.19005000,1682905163624,False,True
54970756,0.02341000,3536.00000000,82.77776000,1682905164019,False,True
54970757,0.02341000,8665.00000000,202.84765000,1682905164019,False,True
54970758,0.02341000,7645.00000000,178.96945000,1682905164019,False,True
54970759,0.02341000,16077.00000000,376.36257000,1682905164019,False,True
54970760,0.02341000,6488.30000000,151.89110300,1682905164019,False,True
54970761,0.02340000,438.60000000,10.26324000,1682905164207,True,True
54970762,0.02341000,1173.70000000,27.47631700,1682905166683,False,True
54970763,0.02341000,5149.00000000,120.53809000,1682905166683,False,True
54970764,0.02341000,2602.00000000,60.91282000,1682905167898,False,True
54970765,0.02341000,7267.00000000,170.12047000,1682905167898,False,True
54970766,0.02341000,4646.50000000,108.77456500,1682905167898,False,True
54970767,0.02341000,3007.50000000,70.40557500,1682905167901,False,True
54970768,0.02341000,7742.00000000,181.24022000,1682905167901,False,True
54970769,0.02341000,7352.00000000,172.11032000,1682905167901,False,True
54970770,0.02341000,7651.00000000,179.10991000,1682905167901,False,True
54970771,0.02341000,4341.90000000,101.64387900,1682905167901,False,True
54970772,0.02341000,3332.10000000,78.00446100,1682905167902,False,True
54970773,0.02341000,7645.00000000,178.96945000,1682905167902,False,True
54970774,0.02341000,5242.50000000,122.72692500,1682905167902,False,True
54970775,0.02341000,3392.50000000,79.41842500,1682905167902,False,True
54970776,0.02342000,6770.00000000,158.55340000,1682905167911,False,True
54970777,0.02342000,275.20000000,6.44518400,1682905167914,False,True
54970778,0.02342000,7360.70000000,172.38759400,1682905167914,False,True
54970779,0.02342000,4280.80000000,100.25633600,1682905167914,False,True
54970780,0.02342000,7797.00000000,182.60574000,1682905167916,False,True
54970781,0.02342000,4280.80000000,100.25633600,1682905167920,False,True
54970782,0.02342000,3516.20000000,82.34940400,1682905167920,False,True
54970783,0.02342000,4240.80000000,99.31953600,1682905167926,False,True
54970784,0.02342000,8442.00000000,197.71164000,1682905167926,False,True
54970785,0.02342000,7654.00000000,179.25668000,1682905167931,False,True
54970786,0.02342000,3174.00000000,74.33508000,1682905167931,False,True
54970787,0.02342000,7785.00000000,182.32470000,1682905167937,False,True
54970788,0.02342000,1067.20000000,24.99382400,1682905168088,True,True
54970789,0.02343000,2367.00000000,55.45881000,1682905168451,False,True
54970790,0.02342000,4875.10000000,114.17484200,1682905169300,True,True
54970791,0.02342000,1070.40000000,25.06876800,1682905169300,True,True
54970792,0.02342000,5942.30000000,139.16866600,1682905169330,True,True
54970793,0.02342000,5942.30000000,139.16866600,1682905169349,True,True
54970794,0.02341000,1070.40000000,25.05806400,1682905169366,True,True
54970795,0.02341000,7499.60000000,175.56563600,1682905169366,True,True
54970796,0.02341000,5942.30000000,139.10924300,1682905169375,True,True
54970797,0.02341000,5942.30000000,139.10924300,1682905169412,True,True
54970798,0.02341000,4335.00000000,101.48235000,1682905169520,True,True
54970799,0.02340000,9564.00000000,223.79760000,1682905170134,False,True
54970800,0.02341000,7499.60000000,175.56563600,1682905170218,False,True
54970801,0.02341000,9564.00000000,223.89324000,1682905170307,False,True
54970802,0.02341000,7651.00000000,179.10991000,1682905170635,False,True
54970803,0.02343000,8635.00000000,202.31805000,1682905171402,False,True
54970804,0.02342000,10000.00000000,234.20000000,1682905171403,True,True
54970805,0.02343000,7833.00000000,183.52719000,1682905172129,False,True
54970806,0.02343000,6533.00000000,153.06819000,1682905172204,False,True
54970807,0.02343000,3467.00000000,81.23181000,1682905172209,False,True
54970808,0.02343000,1069.40000000,25.05604200,1682905172251,False,True
54970809,0.02343000,10000.00000000,234.30000000,1682905174638,True,True
54970810,0.02343000,7833.00000000,183.52719000,1682905174674,True,True
54970811,0.02343000,474.90000000,11.12690700,1682905174965,False,True
54970812,0.02342000,4274.40000000,100.10644800,1682905175368,True,True
54970813,0.02342000,8756.00000000,205.06552000,1682905175368,True,True
54970814,0.02342000,7662.00000000,179.44404000,1682905175368,True,True
54970815,0.02342000,6852.20000000,160.47852400,1682905175368,True,True
54970816,0.02342000,1812.80000000,42.45577600,1682905175892,True,True
54970817,0.02341000,5942.30000000,139.10924300,1682905176716,False,True
54970818,0.02341000,5942.30000000,139.10924300,1682905176750,False,True
54970819,0.02341000,5942.30000000,139.10924300,1682905176768,False,True
54970820,0.02341000,5942.30000000,139.10924300,1682905177014,False,True
54970821,0.02341000,5942.30000000,139.10924300,1682905177071,False,True
54970822,0.02341000,5942.30000000,139.10924300,1682905177095,False,True
54970823,0.02341000,7645.00000000,178.96945000,1682905178793,True,True
54970824,0.02340000,768.40000000,17.98056000,1682905178814,True,True
54970825,0.02340000,5942.30000000,139.04982000,1682905178814,True,True
54970826,0.02340000,1067.70000000,24.98418000,1682905178814,True,True
54970827,0.02341000,7645.00000000,178.96945000,1682905181450,True,True
54970828,0.02339000,1068.00000000,24.98052000,1682905182650,True,True
54970829,0.02339000,9564.00000000,223.70196000,1682905182650,True,True
54970830,0.02339000,7194.90000000,168.28871100,1682905182650,True,True
54970831,0.02340000,828.80000000,19.39392000,1682905184519,False,True
54970832,0.02340000,4519.30000000,105.75162000,1682905186660,False,True
54970833,0.02340000,10000.00000000,234.00000000,1682905186675,False,True
54970834,0.02340000,4274.40000000,100.02096000,1682905186679,False,True
54970835,0.02340000,7785.00000000,182.16900000,1682905186698,False,True
54970836,0.02340000,16077.00000000,376.20180000,1682905186702,False,True
54970837,0.02340000,7833.00000000,183.29220000,1682905186721,False,True
54970838,0.02340000,7651.00000000,179.03340000,1682905186748,False,True
54970839,0.02340000,9559.10000000,223.68294000,1682905187053,False,True
54970840,0.02340000,4.90000000,0.11466000,1682905188075,False,True
54970841,0.02340000,1070.60000000,25.05204000,1682905188075,False,True
54970842,0.02340000,0.10000000,0.00234000,1682905188083,False,True
54970843,0.02340000,1070.60000000,25.05204000,1682905188083,False,True
54970844,0.02341000,1070.70000000,25.06508700,1682905188194,False,True
54970845,0.02341000,6388.50000000,149.55478500,1682905188194,False,True
54970846,0.02341000,1273.50000000,29.81263500,1682905188280,False,True
54970847,0.02341000,3511.80000000,82.21123800,1682905188280,False,True
54970848,0.02341000,5009.20000000,117.26537200,1682905188280,False,True
54970849,0.02342000,1069.40000000,25.04534800,1682905188295,False,True
54970850,0.02342000,7360.70000000,172.38759400,1682905188295,False,True
54970851,0.02342000,8635.00000000,202.23170000,1682905188328,False,True
54970852,0.02342000,5348.10000000,125.25250200,1682905190389,True,True
54970853,0.02342000,5348.10000000,125.25250200,1682905190433,True,True
54970854,0.02341000,10000.00000000,234.10000000,1682905190507,True,True
54970855,0.02341000,3648.20000000,85.40436200,1682905190507,True,True
54970856,0.02342000,10000.00000000,234.20000000,1682905190571,True,True
54970857,0.02342000,3644.20000000,85.34716400,1682905190571,True,True
54970858,0.02342000,631.10000000,14.78036200,1682905190577,True,True
54970859,0.02342000,5348.10000000,125.25250200,1682905190577,True,True
54970860,0.02342000,4275.30000000,100.12752600,1682905190610,True,True
54970861,0.02342000,8635.00000000,202.23170000,1682905190669,True,True
54970862,0.02342000,4275.30000000,100.12752600,1682905190669,True,True
54970863,0.02341000,1699.90000000,39.79465900,1682905190729,True,True
54970864,0.02341000,4275.30000000,100.08477300,1682905190729,True,True
54970865,0.02341000,2233.30000000,52.28155300,1682905190729,True,True
54970866,0.02342000,7785.00000000,182.32470000,1682905190734,True,True
54970867,0.02341000,5214.70000000,122.07612700,1682905190734,True,True
54970868,0.02341000,7776.00000000,182.03616000,1682905190734,True,True
54970869,0.02341000,7584.00000000,177.54144000,1682905190734,True,True
54970870,0.02341000,4296.00000000,100.56936000,1682905190734,True,True
54970871,0.02342000,3182.20000000,74.52712400,1682905190772,True,True
54970872,0.02341000,7662.00000000,179.36742000,1682905191530,True,True
54970873,0.02340000,1068.70000000,25.00758000,1682905193426,True,True
54970874,0.02340000,1525.30000000,35.69202000,1682905193426,True,True
54970875,0.02341000,3096.00000000,72.47736000,1682905195014,False,True
54970876,0.02341000,10000.00000000,234.10000000,1682905196254,False,True
54970877,0.02342000,5348.10000000,125.25250200,1682905196254,False,True
54970878,0.02342000,7360.70000000,172.38759400,1682905196254,False,True
54970879,0.02342000,4278.00000000,100.19076000,1682905196254,False,True
54970880,0.02343000,1069.40000000,25.05604200,1682905196254,False,True
54970881,0.02343000,5348.10000000,125.30598300,1682905196254,False,True
54970882,0.02343000,12598.70000000,295.18754100,1682905196254,False,True
54970883,0.02343000,9564.00000000,224.08452000,1682905197043,False,True
54970884,0.02343000,2430.00000000,56.93490000,1682905197043,False,True
54970885,0.02342000,4809.00000000,112.62678000,1682905197832,False,True
54970886,0.02340000,4604.00000000,107.73360000,1682905199510,True,True
54970887,0.02340000,2000.00000000,46.80000000,1682905199514,True,True
54970888,0.02339000,1187.90000000,27.78498100,1682905200276,True,True
54970889,0.02340000,5191.00000000,121.46940000,1682905200302,False,True
54970890,0.02340000,4604.00000000,107.73360000,1682905200302,False,True
54970891,0.02341000,5348.10000000,125.19902100,1682905200302,False,True
54970892,0.02342000,4275.30000000,100.12752600,1682905200302,False,True
54970893,0.02342000,5348.10000000,125.25250200,1682905200302,False,True
54970894,0.02342000,6379.50000000,149.40789000,1682905200302,False,True
54970895,0.02339000,1604.00000000,37.51756000,1682905200785,True,True
54970896,0.02339000,2556.20000000,59.78951800,1682905200926,True,True
54970897,0.02339000,443.80000000,10.38048200,1682905200926,True,True
54970898,0.02338000,1047.60000000,24.49288800,1682905202012,True,True
54970899,0.02338000,2136.00000000,49.93968000,1682905202012,True,True
54970900,0.02338000,1068.90000000,24.99088200,1682905202012,True,True
54970901,0.02337000,446.40000000,10.43236800,1682905202302,True,True
54970902,0.02337000,1069.70000000,24.99888900,1682905202302,True,True
54970903,0.02337000,87.90000000,2.05422300,1682905202302,True,True
54970904,0.02338000,9564.00000000,223.60632000,1682905202690,True,True
54970905,0.02339000,5348.10000000,125.09205900,1682905202692,False,True
54970906,0.02339000,383.80000000,8.97708200,1682905202692,False,True
54970907,0.02338000,1374.10000000,32.12645800,1682905203559,True,True
54970908,0.02336000,449.20000000,10.49331200,1682905204656,True,True
54970909,0.02336000,1070.70000000,25.01155200,1682905204656,True,True
54970910,0.02336000,9564.00000000,223.41504000,1682905204805,True,True
54970911,0.02335000,505.90000000,11.81276500,1682905204905,True,True
54970912,0.02335000,1068.20000000,24.94247000,1682905204905,True,True
54970913,0.02335000,3127.30000000,73.02245500,1682905204919,True,True
54970914,0.02335000,2745.50000000,64.10742500,1682905205328,False,True
54970915,0.02336000,930.30000000,21.73180800,1682905206702,False,True
54970916,0.02336000,6723.70000000,157.06563200,1682905207050,False,True
54970917,0.02337000,5348.10000000,124.98509700,1682905208229,True,True
54970918,0.02335000,1069.00000000,24.96115000,1682905210572,True,True
54970919,0.02335000,4279.10000000,99.91698500,1682905210593,True,True
54970920,0.02336000,5348.10000000,124.93161600,1682905212022,True,True
54970921,0.02336000,5348.10000000,124.93161600,1682905212300,True,True
54970922,0.02336000,5348.10000000,124.93161600,1682905212593,True,True
54970923,0.02336000,5348.10000000,124.93161600,1682905212612,True,True
54970924,0.02336000,5348.10000000,124.93161600,1682905212630,True,True
54970925,0.02337000,1274.90000000,29.79441300,1682905212800,False,True
54970926,0.02335000,2363.00000000,55.17605000,1682905213869,True,True
54970927,0.02338000,7360.70000000,172.09316600,1682905215259,False,True
54970928,0.02338000,4287.20000000,100.23473600,1682905215259,False,True
54970929,0.02338000,10417.10000000,243.55179800,1682905215259,False,True
54970930,0.02337000,856.50000000,20.01640500,1682905215627,False,True
54970931,0.02337000,8707.50000000,203.49427500,1682905215660,False,True
54970932,0.02337000,5618.90000000,131.31369300,1682905215752,False,True
54970933,0.02337000,3945.10000000,92.19698700,1682905215756,False,True
54970934,0.02336000,1582.00000000,36.95552000,1682905216238,True,True
54970935,0.02338000,9564.00000000,223.60632000,1682905217634,False,True
54970936,0.02339000,7352.00000000,171.96328000,1682905221027,False,True
54970937,0.02339000,2852.00000000,66.70828000,1682905221027,False,True
54970938,0.02339000,2137.60000000,49.99846400,1682905221455,False,True
54970939,0.02339000,673.00000000,15.74147000,1682905221821,False,True
54970940,0.02339000,2170.40000000,50.76565600,1682905222610,False,True
54970941,0.02339000,7645.00000000,178.81655000,1682905222610,False,True
54970942,0.02339000,7757.00000000,181.43623000,1682905222610,False,True
54970943,0.02339000,2805.60000000,65.62298400,1682905222610,False,True
54970944,0.02338000,7757.00000000,181.35866000,1682905223918,False,True
54970945,0.02338000,2243.00000000,52.44134000,1682905223918,False,True
54970946,0.02338000,500.00000000,11.69000000,1682905224701,False,True
54970947,0.02335000,1253.20000000,29.26222000,1682905225311,True,True
54970948,0.02335000,746.80000000,17.43778000,1682905225311,True,True
54970949,0.02335000,1253.20000000,29.26222000,1682905225430,True,True
54970950,0.02335000,746.80000000,17.43778000,1682905225430,True,True
54970951,0.02335000,506.40000000,11.82444000,1682905225602,True,True
54970952,0.02335000,1253.20000000,29.26222000,1682905225675,True,True
54970953,0.02335000,1253.20000000,29.26222000,1682905225675,True,True
54970954,0.02335000,1253.20000000,29.26222000,1682905225675,True,True
54970955,0.02335000,1253.20000000,29.26222000,1682905225675,True,True
54970956,0.02335000,1253.20000000,29.26222000,1682905225675,True,True
54970957,0.02335000,1253.20000000,29.26222000,1682905225675,True,True
54970958,0.02335000,1253.00000000,29.25755000,1682905225675,True,True
54970959,0.02334000,232.80000000,5.43355200,1682905225675,True,True
54970960,0.02336000,7448.00000000,173.98528000,1682905226001,False,True
54970961,0.02336000,4284.40000000,100.08358400,1682905226001,False,True
54970962,0.02337000,3555.60000000,83.09437200,1682905226001,False,True
54970963,0.02337000,471.30000000,11.01428100,1682905226064,False,True
54970964,0.02336000,5348.10000000,124.93161600,1682905227300,False,True
54970965,0.02337000,3806.10000000,88.94855700,1682905227300,False,True
54970966,0.02337000,5348.10000000,124.98509700,1682905227300,False,True
54970967,0.02337000,26390.70000000,616.75065900,1682905227300,False,True
54970968,0.02335000,2441.90000000,57.01836500,1682905227339,True,True
54970969,0.02334000,2122.90000000,49.54848600,1682905227946,True,True
54970970,0.02334000,3362.10000000,78.47141400,1682905227946,True,True
54970971,0.02336000,1855.00000000,43.33280000,1682905228094,False,True
54970972,0.02335000,1632.00000000,38.10720000,1682905228880,False,True
54970973,0.02333000,1026.70000000,23.95291100,1682905229237,True,True
54970974,0.02333000,765.40000000,17.85678200,1682905229237,True,True
54970975,0.02333000,428.70000000,10.00157100,1682905229237,True,True
54970976,0.02332000,519.90000000,12.12406800,1682905231403,True,True
54970977,0.02332000,454.50000000,10.59894000,1682905231403,True,True
54970978,0.02332000,1576.00000000,36.75232000,1682905231403,True,True
54970979,0.02331000,793.50000000,18.49648500,1682905231403,True,True
54970980,0.02331000,429.10000000,10.00232100,1682905231403,True,True
54970981,0.02330000,1050.00000000,24.46500000,1682905231403,True,True
54970982,0.02330000,12587.10000000,293.27943000,1682905231403,True,True
54970983,0.02330000,1049.90000000,24.46267000,1682905231403,True,True
54970984,0.02330000,12592.40000000,293.40292000,1682905231403,True,True
54970985,0.02330000,5348.10000000,124.61073000,1682905231481,True,True
54970986,0.02330000,4291.80000000,99.99894000,1682905231481,True,True
54970987,0.02332000,9564.00000000,223.03248000,1682905231671,True,True
54970988,0.02332000,8442.00000000,196.86744000,1682905231704,True,True
54970989,0.02332000,5884.40000000,137.22420800,1682905231704,True,True
54970990,0.02332000,7785.00000000,181.54620000,1682905231716,True,True
54970991,0.02331000,10000.00000000,233.10000000,1682905231789,True,True
54970992,0.02330000,7578.00000000,176.56740000,1682905231809,True,True
54970993,0.02330000,7651.00000000,178.26830000,1682905231809,True,True
54970994,0.02330000,7751.00000000,180.59830000,1682905231809,True,True
54970995,0.02330000,10000.00000000,233.00000000,1682905231887,False,True
54970996,0.02329000,1261.00000000,29.36869000,1682905232394,True,True
54970997,0.02329000,7662.00000000,178.44798000,1682905233179,True,True
54970998,0.02328000,528.80000000,12.31046400,1682905233191,True,True
54970999,0.02328000,545.40000000,12.69691200,1682905233191,True,True
54971000,0.02328000,743.20000000,17.30169600,1682905233199,True,True
54971001,0.02328000,5348.10000000,124.50376800,1682905233246,False,True
54971002,0.02328000,700.00000000,16.29600000,1682905233880,False,True
54971003,0.02327000,1074.20000000,24.99663400,1682905234310,True,True
54971004,0.02327000,1125.70000000,26.19503900,1682905234323,True,True
54971005,0.02327000,0.10000000,0.00232700,1682905234325,True,True
54971006,0.02326000,1053.00000000,24.49278000,1682905234727,True,True
54971007,0.02326000,446.40000000,10.38326400,1682905234727,True,True
54971008,0.02326000,3525.60000000,82.00545600,1682905234727,True,True
54971009,0.02326000,3835.10000000,89.20442600,1682905234727,True,True
54971010,0.02326000,8600.60000000,200.04995600,1682905234727,True,True
54971011,0.02326000,1035.90000000,24.09503400,1682905234727,True,True
54971012,0.02326000,1988.10000000,46.24320600,1682905234753,True,True
54971013,0.02325000,449.20000000,10.44390000,1682905234826,True,True
54971014,0.02325000,9375.00000000,217.96875000,1682905234826,True,True
54971015,0.02325000,10000.00000000,232.50000000,1682905234826,True,True
54971016,0.02325000,2351.00000000,54.66075000,1682905234826,True,True
54971017,0.02325000,649.00000000,15.08925000,1682905234985,True,True
54971018,0.02325000,5348.10000000,124.34332500,1682905234985,True,True
54971019,0.02325000,15144.50000000,352.10962500,1682905234985,True,True
54971020,0.02326000,5206.00000000,121.09156000,1682905235231,False,True
54971021,0.02327000,3708.00000000,86.28516000,1682905235289,False,True
54971022,0.02327000,1640.10000000,38.16512700,1682905235454,False,True
54971023,0.02327000,4464.20000000,103.88193400,1682905235467,False,True
54971024,0.02327000,3196.10000000,74.37324700,1682905235471,False,True
54971025,0.02327000,1295.70000000,30.15093900,1682905235774,False,True
54971026,0.02328000,104.30000000,2.42810400,1682905235774,False,True
54971027,0.02328000,500.00000000,11.64000000,1682905235901,False,True
54971028,0.02327000,5348.10000000,124.45028700,1682905236093,True,True
54971029,0.02328000,7137.70000000,166.16565600,1682905236320,False,True
54971030,0.02326000,1757.40000000,40.87712400,1682905236471,True,True
54971031,0.02327000,7751.00000000,180.36577000,1682905237536,False,True
54971032,0.02328000,7654.00000000,178.18512000,1682905237634,False,True
54971033,0.02328000,8442.00000000,196.52976000,1682905237634,False,True
54971034,0.02328000,7785.00000000,181.23480000,1682905237634,False,True
54971035,0.02328000,7833.00000000,182.35224000,1682905237634,False,True
54971036,0.02328000,7645.00000000,177.97560000,1682905237634,False,True
54971037,0.02328000,7742.00000000,180.23376000,1682905237634,False,True
54971038,0.02328000,7776.00000000,181.02528000,1682905237634,False,True
54971039,0.02328000,9564.00000000,222.64992000,1682905237634,False,True
54971040,0.02328000,7797.00000000,181.51416000,1682905237634,False,True
54971041,0.02328000,7352.00000000,171.15456000,1682905237634,False,True
54971042,0.02328000,7785.00000000,181.23480000,1682905237634,False,True
54971043,0.02328000,8841.00000000,205.81848000,1682905237634,False,True
54971044,0.02328000,7448.00000000,173.38944000,1682905237655,False,True
54971045,0.02328000,8665.00000000,201.72120000,1682905237660,False,True
54971046,0.02328000,11851.30000000,275.89826400,1682905237672,False,True
54971047,0.02328000,4225.70000000,98.37429600,1682905237755,False,True
54971048,0.02329000,768.40000000,17.89603600,1682905238453,False,True
54971049,0.02330000,15112.00000000,352.10960000,1682905240395,False,True
54971050,0.02332000,10000.00000000,233.20000000,1682905243442,True,True
54971051,0.02331000,4290.90000000,100.02087900,1682905243492,True,True
54971052,0.02331000,7352.00000000,171.37512000,1682905243492,True,True
54971053,0.02331000,7137.70000000,166.37978700,1682905243666,True,True
54971054,0.02331000,1071.90000000,24.98598900,1682905243674,True,True
54971055,0.02328000,7360.70000000,171.35709600,1682905244420,True,True
54971056,0.02328000,4290.90000000,99.89215200,1682905244420,True,True
54971057,0.02328000,7578.00000000,176.41584000,1682905244504,True,True
54971058,0.02328000,7448.00000000,173.38944000,1682905244723,True,True
54971059,0.02328000,7448.00000000,173.38944000,1682905244911,True,True
54971060,0.02326000,3521.00000000,81.89846000,1682905245589,True,True
54971061,0.02328000,5257.40000000,122.39227200,1682905247887,False,True
54971062,0.02328000,1880.30000000,43.77338400,1682905247895,False,True
54971063,0.02328000,2063.40000000,48.03595200,1682905247895,False,True
54971064,0.02326000,637.10000000,14.81894600,1682905248191,True,True
54971065,0.02326000,7482.60000000,174.04527600,1682905249603,True,True
54971066,0.02326000,4195.50000000,97.58733000,1682905249603,True,True
54971067,0.02326000,4300.10000000,100.02032600,1682905249603,True,True
54971068,0.02326000,2200.00000000,51.17200000,1682905249603,True,True
54971069,0.02325000,2079.80000000,48.35535000,1682905249603,True,True
54971070,0.02330000,7360.70000000,171.50431000,1682905253526,False,True
54971071,0.02331000,5348.10000000,124.66421100,1682905253526,False,True
54971072,0.02331000,42344.80000000,987.05728800,1682905253526,False,True
54971073,0.02332000,4250.40000000,99.11932800,1682905253526,False,True
54971074,0.02331000,10000.00000000,233.10000000,1682905253585,False,True
54971075,0.02331000,5348.10000000,124.66421100,1682905253668,True,True
54971076,0.02332000,1919.00000000,44.75108000,1682905254316,False,True
54971077,0.02332000,3646.40000000,85.03404800,1682905257763,False,True
54971078,0.02332000,1795.30000000,41.86639600,1682905257897,False,True
54971079,0.02334000,782.20000000,18.25654800,1682905260686,False,True
54971080,0.02334000,7337.50000000,171.25725000,1682905261044,False,True
54971081,0.02334000,451.70000000,10.54267800,1682905263633,True,True
54971082,0.02334000,4896.40000000,114.28197600,1682905265494,True,True
54971083,0.02332000,1604.00000000,37.40528000,1682905265537,True,True
54971084,0.02332000,1604.00000000,37.40528000,1682905265537,True,True
54971085,0.02332000,1468.00000000,34.23376000,1682905265537,True,True
54971086,0.02331000,1468.00000000,34.21908000,1682905265547,True,True
54971087,0.02333000,442.60000000,10.32585800,1682905268914,False,True
54971088,0.02333000,2812.90000000,65.62495700,1682905269033,False,True
54971089,0.02335000,2745.50000000,64.10742500,1682905275640,True,True
54971090,0.02336000,7360.70000000,171.94595200,1682905277219,False,True
54971091,0.02336000,449.20000000,10.49331200,1682905277219,False,True
54971092,0.02336000,7156.40000000,167.17350400,1682905277219,False,True
54971093,0.02336000,3059.00000000,71.45824000,1682905277225,False,True
54971094,0.02334000,2142.20000000,49.99894800,1682905283316,True,True
54971095,0.02333000,857.80000000,20.01247400,1682905283316,True,True
54971096,0.02336000,10000.00000000,233.60000000,1682905289295,True,True
54971097,0.02335000,7334.50000000,171.26057500,1682905293969,True,True
54971098,0.02333000,18712.70000000,436.56729100,1682905295683,True,True
54971099,0.02333000,1468.30000000,34.25543900,1682905295683,True,True
54971100,0.02337000,446.40000000,10.43236800,1682905300868,False,True
54971101,0.02337000,67.40000000,1.57513800,1682905300868,False,True
54971102,0.02334000,7833.00000000,182.82222000,1682905303339,True,True
54971103,0.02334000,7645.00000000,178.43430000,1682905303339,True,True
54971104,0.02334000,7352.00000000,171.59568000,1682905303339,True,True
54971105,0.02333000,2143.20000000,50.00085600,1682905303481,True,True
54971106,0.02333000,1405.50000000,32.79031500,1682905303481,True,True
54971107,0.02334000,8400.60000000,196.07000400,1682905305748,False,True
54971108,0.02334000,8933.90000000,208.51722600,1682905305807,False,True
54971109,0.02335000,511.80000000,11.95053000,1682905311030,True,True
54971110,0.02335000,10000.00000000,233.50000000,1682905318517,True,True
54971111,0.02336000,10000.00000000,233.60000000,1682905319811,True,True
54971112,0.02334000,4195.50000000,97.92297000,1682905321402,True,True
54971113,0.02333000,1253.20000000,29.23715600,1682905321402,True,True
54971114,0.02333000,1253.20000000,29.23715600,1682905321402,True,True
54971115,0.02333000,1253.20000000,29.23715600,1682905321402,True,True
54971116,0.02333000,601.00000000,14.02133000,1682905321402,True,True
54971117,0.02333000,652.20000000,15.21582600,1682905321713,True,True
54971118,0.02333000,1253.20000000,29.23715600,1682905321713,True,True
54971119,0.02333000,1253.20000000,29.23715600,1682905321713,True,True
54971120,0.02333000,1253.20000000,29.23715600,1682905321713,True,True
54971121,0.02333000,1253.20000000,29.23715600,1682905321713,True,True
54971122,0.02333000,1253.20000000,29.23715600,1682905321713,True,True
54971123,0.02333000,1252.40000000,29.21849200,1682905321713,True,True
54971124,0.02332000,386.40000000,9.01084800,1682905321713,True,True
54971125,0.02336000,22060.90000000,515.34262400,1682905330164,True,True
54971126,0.02334000,7742.00000000,180.69828000,1682905343670,True,True
54971127,0.02334000,7785.00000000,181.70190000,1682905343670,True,True
54971128,0.02334000,7645.00000000,178.43430000,1682905343670,True,True
54971129,0.02334000,7742.00000000,180.69828000,1682905353862,True,True
54971130,0.02334000,7833.00000000,182.82222000,1682905354425,True,True
54971131,0.02334000,5381.70000000,125.60887800,1682905354425,True,True
54971132,0.02336000,1071.50000000,25.03024000,1682905374306,False,True
54971133,0.02333000,7892.60000000,184.13435800,1682905381503,False,True
54971134,0.02332000,4195.50000000,97.83906000,1682905385704,True,True
54971135,0.02331000,1073.20000000,25.01629200,1682905388255,True,True
54971136,0.02332000,1073.50000000,25.03402000,1682905393020,True,True
54971137,0.02332000,6819.10000000,159.02141200,1682905395845,True,True
54971138,0.02332000,1073.50000000,25.03402000,1682905398009,True,True
54971139,0.02332000,1073.50000000,25.03402000,1682905398141,True,True
54971140,0.02331000,180.90000000,4.21677900,1682905403937,True,True
54971141,0.02331000,2200.00000000,51.28200000,1682905403937,True,True
54971142,0.02331000,432.00000000,10.06992000,1682905403937,True,True
54971143,0.02331000,822.10000000,19.16315100,1682905406298,True,True
54971144,0.02331000,1254.10000000,29.23307100,1682905416315,True,True
54971145,0.02331000,1254.10000000,29.23307100,1682905421105,True,True
54971146,0.02331000,1254.10000000,29.23307100,1682905421108,True,True
54971147,0.02331000,1254.10000000,29.23307100,1682905423625,True,True
54971148,0.02331000,1254.10000000,29.23307100,1682905423704,True,True
54971149,0.02331000,1117.00000000,26.03727000,1682905423745,True,True
54971150,0.02331000,137.10000000,3.19580100,1682905427963,True,True
54971151,0.02331000,1254.10000000,29.23307100,1682905427963,True,True
54971152,0.02331000,677.30000000,15.78786300,1682905427963,True,True
54971153,0.02331000,576.00000000,13.42656000,1682905427973,True,True
54971154,0.02330000,2145.90000000,49.99947000,1682905427999,True,True
54971155,0.02330000,2145.90000000,49.99947000,1682905427999,True,True
54971156,0.02330000,2145.80000000,49.99714000,1682905427999,True,True
54971157,0.02327000,15295.40000000,355.92395800,1682905428352,False,True
54971158,0.02327000,7801.80000000,181.54788600,1682905428355,False,True
54971159,0.02329000,10000.00000000,232.90000000,1682905429867,False,True
54971160,0.02329000,5348.10000000,124.55724900,1682905429867,False,True
54971161,0.02329000,10000.00000000,232.90000000,1682905429938,False,True
54971162,0.02332000,6376.00000000,148.68832000,1682905440779,False,True
54971163,0.02329000,1716.00000000,39.96564000,1682905441855,True,True
54971164,0.02329000,2328.00000000,54.21912000,1682905446222,True,True
54971165,0.02329000,780.90000000,18.18716100,1682905447220,False,True
54971166,0.02328000,1268.00000000,29.51904000,1682905448457,True,True
54971167,0.02328000,839.00000000,19.53192000,1682905448459,True,True
54971168,0.02328000,1659.50000000,38.63316000,1682905448465,True,True
54971169,0.02327000,644.00000000,14.98588000,1682905448675,True,True
54971170,0.02327000,611.60000000,14.23193200,1682905450649,True,True
54971171,0.02327000,462.10000000,10.75306700,1682905450649,True,True
54971172,0.02327000,1686.60000000,39.24718200,1682905451261,True,True
54971173,0.02327000,1255.60000000,29.21781200,1682905451261,True,True
54971174,0.02328000,3465.60000000,80.67916800,1682905451961,False,True
54971175,0.02328000,5199.40000000,121.04203200,1682905451964,False,True
54971176,0.02327000,1255.60000000,29.21781200,1682905457378,True,True
54971177,0.02327000,1255.60000000,29.21781200,1682905457378,True,True
54971178,0.02327000,541.80000000,12.60768600,1682905457378,True,True
54971179,0.02327000,713.80000000,16.61012600,1682905457381,True,True
54971180,0.02327000,1255.60000000,29.21781200,1682905457381,True,True
54971181,0.02327000,1255.60000000,29.21781200,1682905457381,True,True
54971182,0.02327000,240.60000000,5.59876200,1682905457381,True,True
54971183,0.02327000,1015.00000000,23.61905000,1682905457415,True,True
54971184,0.02327000,1255.60000000,29.21781200,1682905457426,True,True
54971185,0.02327000,1254.70000000,29.19686900,1682905457481,True,True
54971186,0.02327000,0.10000000,0.00232700,1682905458713,True,True
54971187,0.02326000,446.40000000,10.38326400,1682905458713,True,True
54971188,0.02326000,435.50000000,10.12973000,1682905458713,True,True
54971189,0.02326000,1714.10000000,39.86996600,1682905458716,True,True
54971190,0.02325000,266.90000000,6.20542500,1682905458716,True,True
54971191,0.02326000,5348.10000000,124.39680600,1682905460052,False,True
54971192,0.02326000,5348.10000000,124.39680600,1682905460076,False,True
54971193,0.02326000,10000.00000000,232.60000000,1682905462043,True,True
54971194,0.02327000,2023.60000000,47.08917200,1682905462704,False,True
54971195,0.02326000,3575.40000000,83.16380400,1682905468073,False,True
54971196,0.02325000,182.30000000,4.23847500,1682905468346,True,True
54971197,0.02325000,923.70000000,21.47602500,1682905468346,True,True
54971198,0.02326000,6424.60000000,149.43619600,1682905468647,False,True
54971199,0.02326000,523.70000000,12.18126200,1682905468647,False,True
54971200,0.02326000,4824.40000000,112.21554400,1682905468650,False,True
54971201,0.02327000,9531.40000000,221.79567800,1682905472654,True,True
54971202,0.02330000,6424.60000000,149.69318000,1682905475488,True,True
54971203,0.02330000,1959.70000000,45.66101000,1682905475488,True,True
54971204,0.02330000,3388.40000000,78.94972000,1682905475599,True,True
54971205,0.02329000,5348.10000000,124.55724900,1682905475694,True,True
54971206,0.02329000,7654.00000000,178.26166000,1682905475694,True,True
54971207,0.02329000,7833.00000000,182.43057000,1682905475694,True,True
54971208,0.02329000,8665.00000000,201.80785000,1682905475694,True,True
54971209,0.02329000,1927.00000000,44.87983000,1682905475908,True,True
54971210,0.02328000,7654.00000000,178.18512000,1682905477882,True,True
54971211,0.02328000,5348.10000000,124.50376800,1682905477882,True,True
54971212,0.02328000,2147.80000000,50.00078400,1682905477882,True,True
54971213,0.02327000,1026.00000000,23.87502000,1682905478086,True,True
54971214,0.02328000,1075.40000000,25.03531200,1682905478789,False,True
54971215,0.02328000,6384.00000000,148.61952000,1682905484288,False,True
54971216,0.02327000,7459.40000000,173.58023800,1682905484304,True,True
54971217,0.02328000,10000.00000000,232.80000000,1682905484560,False,True
54971218,0.02331000,10000.00000000,233.10000000,1682905486236,True,True
54971219,0.02331000,1074.50000000,25.04659500,1682905488338,False,True
54971220,0.02329000,1073.70000000,25.00647300,1682905492656,False,True
54971221,0.02326000,7654.00000000,178.03204000,1682905494565,True,True
54971222,0.02328000,10000.00000000,232.80000000,1682905497209,False,True
54971223,0.02330000,10000.00000000,233.00000000,1682905499234,True,True
54971224,0.02330000,2200.00000000,51.26000000,1682905499234,True,True
54971225,0.02328000,1074.00000000,25.00272000,1682905502339,False,True
54971226,0.02327000,2338.00000000,54.40526000,1682905503556,True,True
54971227,0.02327000,1857.50000000,43.22402500,1682905503557,True,True
54971228,0.02327000,2148.70000000,50.00024900,1682905503557,True,True
54971229,0.02326000,1863.00000000,43.33338000,1682905504460,False,True
54971230,0.02326000,3717.90000000,86.47835400,1682905504858,True,True
54971231,0.02326000,2013.70000000,46.83866200,1682905505634,False,True
54971232,0.02325000,440.00000000,10.23000000,1682905508961,True,True
54971233,0.02325000,1760.00000000,40.92000000,1682905508967,True,True
54971234,0.02324000,440.00000000,10.22560000,1682905508970,True,True
54971235,0.02325000,1209.50000000,28.12087500,1682905513159,True,True
54971236,0.02325000,0.10000000,0.00232500,1682905515613,True,True
54971237,0.02324000,1856.10000000,43.13576400,1682905515613,True,True
54971238,0.02324000,556.40000000,12.93073600,1682905515613,True,True
54971239,0.02323000,430.50000000,10.00051500,1682905515613,True,True
54971240,0.02323000,2152.40000000,50.00025200,1682905515613,True,True
54971241,0.02323000,42177.30000000,979.77867900,1682905515613,True,True
54971242,0.02323000,43918.20000000,1020.21978600,1682905515658,True,True
54971243,0.02322000,1501.00000000,34.85322000,1682905515711,True,True
54971244,0.02322000,39392.80000000,914.70081600,1682905515711,True,True
54971245,0.02322000,2153.30000000,49.99962600,1682905515711,True,True
54971246,0.02321000,793.50000000,18.41713500,1682905515711,True,True
54971247,0.02321000,433.40000000,10.05921400,1682905515711,True,True
54971248,0.02321000,540.20000000,12.53804200,1682905515711,True,True
54971249,0.02321000,5348.10000000,124.12940100,1682905515711,True,True
54971250,0.02320000,2369.90000000,54.98168000,1682905515711,True,True
54971251,0.02320000,35402.80000000,821.34496000,1682905515711,True,True
54971252,0.02322000,6375.00000000,148.02750000,1682905515783,False,True
54971253,0.02322000,3625.00000000,84.17250000,1682905515784,False,True
54971254,0.02322000,7343.80000000,170.52303600,1682905516095,False,True
54971255,0.02321000,646.40000000,15.00294400,1682905517417,False,True
54971256,0.02323000,430.50000000,10.00051500,1682905519574,False,True
54971257,0.02324000,430.30000000,10.00017200,1682905520712,False,True
54971258,0.02328000,2524.80000000,58.77734400,1682905533203,True,True
54971259,0.02328000,10000.00000000,232.80000000,1682905536245,True,True
54971260,0.02328000,1076.20000000,25.05393600,1682905537496,False,True
54971261,0.02329000,22577.90000000,525.83929100,1682905541457,False,True
54971262,0.02329000,4195.80000000,97.72018200,1682905541468,False,True
54971263,0.02329000,7605.30000000,177.12743700,1682905541470,False,True
54971264,0.02328000,8043.40000000,187.25035200,1682905562057,True,True
54971265,0.02328000,2147.80000000,50.00078400,1682905562057,True,True
54971266,0.02329000,1057.80000000,24.63616200,1682905562070,False,True
54971267,0.02330000,455.30000000,10.60849000,1682905564051,False,True
54971268,0.02329000,1089.60000000,25.37678400,1682905567261,False,True
54971269,0.02327000,1700.00000000,39.55900000,1682905568134,True,True
54971270,0.02328000,1075.20000000,25.03065600,1682905568173,False,True
54971271,0.02327000,4195.50000000,97.62928500,1682905570420,True,True
54971272,0.02326000,1076.60000000,25.04171600,1682905571260,False,True
54971273,0.02325000,3717.90000000,86.44117500,1682905578093,True,True
54971274,0.02324000,4302.90000000,99.99939600,1682905578093,True,True
54971275,0.02324000,2151.50000000,50.00086000,1682905578093,True,True
54971276,0.02323000,2152.40000000,50.00025200,1682905578093,True,True
54971277,0.02323000,14147.30000000,328.64177900,1682905578093,True,True
54971278,0.02322000,40540.80000000,941.35737600,1682905578093,True,True
54971279,0.02322000,7360.70000000,170.91545400,1682905578093,True,True
54971280,0.02322000,14147.40000000,328.50262800,1682905578093,True,True
54971281,0.02322000,1889.60000000,43.87651200,1682905578093,True,True
54971282,0.02322000,10014.90000000,232.54597800,1682905578093,True,True
54971283,0.02323000,7757.00000000,180.19511000,1682905578126,True,True
54971284,0.02323000,7578.00000000,176.03694000,1682905578126,True,True
54971285,0.02323000,219.00000000,5.08737000,1682905578126,True,True
54971286,0.02324000,1075.60000000,24.99694400,1682905578131,False,True
54971287,0.02323000,3573.30000000,83.00775900,1682905578145,False,True
54971288,0.02323000,2707.60000000,62.89754800,1682905578146,False,True
54971289,0.02323000,831.60000000,19.31806800,1682905584345,False,True
54971290,0.02323000,680.70000000,15.81266100,1682905593246,False,True
54971291,0.02323000,1078.00000000,25.04194000,1682905593430,False,True
54971292,0.02323000,1077.50000000,25.03032500,1682905593549,False,True
54971293,0.02322000,1078.00000000,25.03116000,1682905595405,False,True
54971294,0.02321000,554.50000000,12.86994500,1682905606868,True,True
54971295,0.02323000,6368.60000000,147.94257800,1682905607273,False,True
54971296,0.02327000,1078.00000000,25.08506000,1682905622028,True,True
54971297,0.02326000,885.50000000,20.59673000,1682905624244,False,True
54971298,0.02326000,2832.40000000,65.88162400,1682905624246,False,True
54971299,0.02330000,1077.10000000,25.09643000,1682905635088,False,True
54971300,0.02330000,1074.20000000,25.02886000,1682905635229,False,True
54971301,0.02330000,1074.50000000,25.03585000,1682905638437,False,True
54971302,0.02330000,1074.50000000,25.03585000,1682905638529,False,True
54971303,0.02330000,1074.50000000,25.03585000,1682905638730,False,True
54971304,0.02329000,888.70000000,20.69782300,1682905640093,True,True
54971305,0.02329000,4195.40000000,97.71086600,1682905640093,True,True
54971306,0.02329000,0.10000000,0.00232900,1682905640099,True,True
54971307,0.02329000,1075.20000000,25.04140800,1682905640544,False,True
54971308,0.02329000,1416.90000000,32.99960100,1682905641843,False,True
54971309,0.02327000,3717.90000000,86.51553300,1682905649697,True,True
54971310,0.02327000,3717.90000000,86.51553300,1682905650355,False,True
54971311,0.02327000,3717.90000000,86.51553300,1682905660224,True,True
54971312,0.02327000,3717.90000000,86.51553300,1682905662012,False,True
54971313,0.02327000,8594.70000000,199.99866900,1682905667152,True,True
54971314,0.02327000,7275.50000000,169.30088500,1682905667171,False,True
54971315,0.02328000,3717.90000000,86.55271200,1682905671006,True,True
54971316,0.02327000,515.60000000,11.99801200,1682905675365,True,True
54971317,0.02327000,1076.20000000,25.04317400,1682905675681,False,True
