54407520,0.02588000,424.90000000,10.99641200,1680307215745,False,True
54407521,0.02588000,3313.50000000,85.75338000,1680307215759,False,True
54407522,0.02588000,4172.50000000,107.98430000,1680307215759,False,True
54407523,0.02588000,5162.50000000,133.60550000,1680307215762,False,True
54407524,0.02588000,1041.30000000,26.94884400,1680307215762,False,True
54407525,0.02589000,1105.30000000,28.61621700,1680307215762,False,True
54407526,0.02589000,6815.80000000,176.46106200,1680307215764,False,True
54407527,0.02590000,918.20000000,23.78138000,1680307215764,False,True
54407528,0.02590000,4234.00000000,109.66060000,1680307215780,False,True
54407529,0.02591000,2737.00000000,70.91567000,1680307216446,False,True
54407530,0.02591000,1327.00000000,34.38257000,1680307216467,False,True
54407531,0.02591000,1410.00000000,36.53310000,1680307216599,False,True
54407532,0.02590000,5000.00000000,129.50000000,1680307217200,True,True
54407533,0.02591000,461.20000000,11.94969200,1680307219260,False,True
54407534,0.02591000,1595.80000000,41.34717800,1680307219260,False,True
54407535,0.02591000,2057.00000000,53.29687000,1680307221889,False,True
54407536,0.02591000,1701.40000000,44.08327400,1680307222037,False,True
54407537,0.02592000,355.60000000,9.21715200,1680307222037,False,True
54407538,0.02592000,2057.00000000,53.31744000,1680307222044,False,True
54407539,0.02592000,5408.00000000,140.17536000,1680307226557,False,True
54407540,0.02592000,4184.00000000,108.44928000,1680307228848,False,True
54407541,0.02592000,5137.00000000,133.15104000,1680307230812,False,True
54407542,0.02592000,1929.00000000,49.99968000,1680307232161,False,True
54407543,0.02591000,4208.60000000,109.04482600,1680307233091,True,True
54407544,0.02591000,3701.80000000,95.91363800,1680307233094,True,True
54407545,0.02591000,5088.00000000,131.83008000,1680307233094,True,True
54407546,0.02591000,2631.00000000,68.16921000,1680307233120,True,True
54407547,0.02591000,12008.30000000,311.13505300,1680307233120,True,True
54407548,0.02591000,9427.80000000,244.27429800,1680307233120,True,True
54407549,0.02591000,1572.20000000,40.73570200,1680307233120,True,True
54407550,0.02591000,10648.00000000,275.88968000,1680307233120,True,True
54407551,0.02591000,6998.40000000,181.32854400,1680307233120,True,True
54407552,0.02591000,19506.40000000,505.41082400,1680307233179,True,True
54407553,0.02591000,11000.00000000,285.01000000,1680307249517,False,True
54407554,0.02592000,40000.00000000,1036.80000000,1680307249517,False,True
54407555,0.02592000,6691.60000000,173.44627200,1680307249520,False,True
54407556,0.02592000,3300.00000000,85.53600000,1680307249523,False,True
54407557,0.02592000,558.50000000,14.47632000,1680307249525,False,True
54407558,0.02592000,16589.80000000,430.00761600,1680307249525,False,True
54407559,0.02592000,3300.00000000,85.53600000,1680307249530,False,True
54407560,0.02591000,2033.00000000,52.67503000,1680307249548,True,True
54407561,0.02592000,32737.60000000,848.55859200,1680307249648,False,True
54407562,0.02593000,2373.00000000,61.53189000,1680307252042,False,True
54407563,0.02593000,2373.00000000,61.53189000,1680307252042,False,True
54407564,0.02593000,2373.00000000,61.53189000,1680307252045,False,True
54407565,0.02594000,2373.00000000,61.55562000,1680307252052,False,True
54407566,0.02594000,5525.20000000,143.32368800,1680307252073,False,True
54407567,0.02594000,1021.80000000,26.50549200,1680307252073,False,True
54407568,0.02594000,26119.90000000,677.55020600,1680307264060,False,True
54407569,0.02595000,11560.60000000,299.99757000,1680307264794,False,True
54407570,0.02595000,11000.00000000,285.45000000,1680307264794,False,True
54407571,0.02595000,11000.00000000,285.45000000,1680307264879,False,True
54407572,0.02596000,5000.00000000,129.80000000,1680307307156,True,True
54407573,0.02596000,2902.80000000,75.35668800,1680307307160,True,True
54407574,0.02595000,7768.00000000,201.57960000,1680307315420,False,True
54407575,0.02596000,769.20000000,19.96843200,1680307318629,False,True
54407576,0.02596000,6998.80000000,181.68884800,1680307318977,False,True
54407577,0.02596000,11348.20000000,294.59927200,1680307318977,False,True
54407578,0.02596000,12821.60000000,332.84873600,1680307318977,False,True
54407579,0.02596000,62334.30000000,1618.19842800,1680307318981,True,True
54407580,0.02596000,11000.00000000,285.56000000,1680307318981,True,True
54407581,0.02596000,23480.80000000,609.56156800,1680307318984,True,True
54407582,0.02596000,116039.70000000,3012.39061200,1680307318993,True,True
54407583,0.02596000,17691.60000000,459.27393600,1680307318996,True,True
54407584,0.02596000,16589.80000000,430.67120800,1680307318996,True,True
54407585,0.02597000,438.70000000,11.39303900,1680307320684,False,True
54407586,0.02597000,3877.40000000,100.69607800,1680307320684,False,True
54407587,0.02597000,18669.90000000,484.85730300,1680307320685,False,True
54407588,0.02597000,12733.50000000,330.68899500,1680307320691,False,True
54407589,0.02597000,61957.60000000,1609.03887200,1680307321276,False,True
54407590,0.02597000,481.20000000,12.49676400,1680307321276,False,True
54407591,0.02598000,6746.30000000,175.26887400,1680307321494,False,True
54407592,0.02599000,1537.80000000,39.96742200,1680307321494,False,True
54407593,0.02598000,7889.10000000,204.95881800,1680307325439,True,True
54407594,0.02597000,11000.00000000,285.67000000,1680307325439,True,True
54407595,0.02597000,3849.70000000,99.97670900,1680307325439,True,True
54407596,0.02597000,20000.00000000,519.40000000,1680307325439,True,True
54407597,0.02596000,30297.50000000,786.52310000,1680307325439,True,True
54407598,0.02597000,4220.10000000,109.59599700,1680307325453,True,True
54407599,0.02597000,48538.10000000,1260.53445700,1680307325509,False,True
54407600,0.02599000,26783.50000000,696.10316500,1680307335818,False,True
54407601,0.02599000,2797.30000000,72.70182700,1680307337032,False,True
54407602,0.02599000,3849.80000000,100.05630200,1680307337032,False,True
54407603,0.02599000,5088.60000000,132.25271400,1680307338072,False,True
54407604,0.02599000,2794.40000000,72.62645600,1680307338072,False,True
54407605,0.02599000,3480.80000000,90.46599200,1680307349317,False,True
54407606,0.02600000,2499.00000000,64.97400000,1680307349317,False,True
54407607,0.02600000,117162.90000000,3046.23540000,1680307359132,False,True
54407608,0.02599000,10699.60000000,278.08260400,1680307359308,True,True
54407609,0.02599000,7887.60000000,204.99872400,1680307359308,True,True
54407610,0.02599000,7857.00000000,204.20343000,1680307369032,False,True
54407611,0.02598000,426.00000000,11.06748000,1680307381430,True,True
54407612,0.02598000,7457.00000000,193.73286000,1680307393924,True,True
54407613,0.02595000,7896.70000000,204.91936500,1680307403307,True,True
54407614,0.02593000,387.00000000,10.03491000,1680307406859,True,True
54407615,0.02593000,3858.90000000,100.06127700,1680307417008,True,True
54407616,0.02593000,3658.40000000,94.86231200,1680307417025,True,True
54407617,0.02593000,10651.50000000,276.19339500,1680307417025,True,True
54407618,0.02593000,11000.00000000,285.23000000,1680307417025,True,True
54407619,0.02593000,3854.30000000,99.94199900,1680307417025,True,True
54407620,0.02593000,10000.00000000,259.30000000,1680307417025,True,True
54407621,0.02593000,12870.20000000,333.72428600,1680307417025,True,True
54407622,0.02592000,3858.90000000,100.02268800,1680307417025,True,True
54407623,0.02593000,3316.20000000,85.98906600,1680307417029,True,True
54407624,0.02593000,3855.70000000,99.97830100,1680307417061,True,True
54407625,0.02593000,2.20000000,0.05704600,1680307417061,True,True
54407626,0.02593000,2137.10000000,55.41500300,1680307417075,True,True
54407627,0.02593000,4878.40000000,126.49691200,1680307421083,True,True
54407628,0.02593000,843.30000000,21.86676900,1680307424781,True,True
54407629,0.02593000,5130.50000000,133.03386500,1680307424781,True,True
54407630,0.02594000,5000.00000000,129.70000000,1680307486970,True,True
54407631,0.02594000,37425.70000000,970.82265800,1680307488832,True,True
54407632,0.02594000,5000.00000000,129.70000000,1680307506874,True,True
54407633,0.02595000,6936.40000000,179.99958000,1680307514835,False,True
54407634,0.02596000,4088.40000000,106.13486400,1680307516045,False,True
54407635,0.02596000,3811.30000000,98.94134800,1680307516046,False,True
54407636,0.02596000,3854.30000000,100.05762800,1680307516046,False,True
54407637,0.02595000,5000.00000000,129.75000000,1680307517158,True,True
54407638,0.02597000,7886.00000000,204.79942000,1680307524632,False,True
54407639,0.02597000,3474.00000000,90.21978000,1680307524632,False,True
54407640,0.02597000,2301.80000000,59.77774600,1680307524672,False,True
54407641,0.02597000,2121.00000000,55.08237000,1680307578176,True,True
54407642,0.02598000,12567.80000000,326.51144400,1680307592179,False,True
54407643,0.02598000,12568.00000000,326.51664000,1680307593201,False,True
54407644,0.02597000,1896.70000000,49.25729900,1680307594540,True,True
54407645,0.02597000,2546.30000000,66.12741100,1680307594540,True,True
54407646,0.02596000,2358.00000000,61.21368000,1680307602520,True,True
54407647,0.02598000,7887.60000000,204.91984800,1680307616486,False,True
54407648,0.02598000,3849.80000000,100.01780400,1680307616486,False,True
54407649,0.02598000,7890.60000000,204.99778800,1680307616495,False,True
54407650,0.02598000,3851.30000000,100.05677400,1680307616495,False,True
54407651,0.02597000,2658.00000000,69.02826000,1680307618009,True,True
54407652,0.02598000,18669.90000000,485.04400200,1680307618131,False,True
54407653,0.02597000,8385.00000000,217.75845000,1680307633203,True,True
54407654,0.02597000,8368.00000000,217.31696000,1680307633203,True,True
54407655,0.02597000,9564.00000000,248.37708000,1680307633203,True,True
54407656,0.02597000,6638.00000000,172.38886000,1680307633203,True,True
54407657,0.02597000,5000.00000000,129.85000000,1680307644741,True,True
54407658,0.02597000,2371.30000000,61.58266100,1680307649290,True,True
54407659,0.02597000,2628.70000000,68.26733900,1680307649290,True,True
54407660,0.02597000,1222.60000000,31.75092200,1680307652932,True,True
54407661,0.02597000,3777.40000000,98.09907800,1680307652932,True,True
54407662,0.02597000,4089.60000000,106.20691200,1680307656645,True,True
54407663,0.02597000,910.40000000,23.64308800,1680307656645,True,True
54407664,0.02597000,2356.00000000,61.18532000,1680307665351,True,True
54407665,0.02598000,5360.00000000,139.25280000,1680307675873,True,True
54407666,0.02598000,2530.60000000,65.74498800,1680307684565,True,True
54407667,0.02598000,1684.30000000,43.75811400,1680307684565,True,True
54407668,0.02598000,3671.00000000,95.37258000,1680307684569,True,True
54407669,0.02597000,499.70000000,12.97720900,1680307690326,True,True
54407670,0.02597000,2500.00000000,64.92500000,1680307702981,True,True
54407671,0.02597000,963.90000000,25.03248300,1680307706486,True,True
54407672,0.02597000,11000.00000000,285.67000000,1680307706486,True,True
54407673,0.02597000,3849.80000000,99.97930600,1680307706486,True,True
54407674,0.02597000,1551.10000000,40.28206700,1680307706486,True,True
54407675,0.02597000,17364.70000000,450.96125900,1680307708491,True,True
54407676,0.02597000,8565.30000000,222.44084100,1680307709490,True,True
54407677,0.02597000,8799.40000000,228.52041800,1680307709490,True,True
54407678,0.02597000,3600.00000000,93.49200000,1680307711060,True,True
54407679,0.02599000,2980.50000000,77.46319500,1680307715766,False,True
54407680,0.02599000,8019.50000000,208.42680500,1680307715766,False,True
54407681,0.02599000,1076.10000000,27.96783900,1680307715766,False,True
54407682,0.02600000,3726.50000000,96.88900000,1680307715771,False,True
54407683,0.02599000,3849.80000000,100.05630200,1680307715803,False,True
54407684,0.02599000,7886.00000000,204.95714000,1680307715803,False,True
54407685,0.02599000,10030.30000000,260.68749700,1680307715803,False,True
54407686,0.02599000,969.70000000,25.20250300,1680307716920,False,True
54407687,0.02599000,3849.80000000,100.05630200,1680307716920,False,True
54407688,0.02599000,10535.40000000,273.81504600,1680307716920,False,True
54407689,0.02599000,39115.70000000,1016.61704300,1680307717938,False,True
54407690,0.02599000,2659.50000000,69.12040500,1680307717938,False,True
54407691,0.02599000,27485.80000000,714.35594200,1680307718950,False,True
54407692,0.02598000,819.30000000,21.28541400,1680307752114,True,True
54407693,0.02599000,620.30000000,16.12159700,1680307764736,False,True
54407694,0.02598000,1994.10000000,51.80671800,1680307772580,True,True
54407695,0.02598000,1585.90000000,41.20168200,1680307772580,True,True
54407696,0.02599000,685.10000000,17.80574900,1680307774051,False,True
54407697,0.02598000,6300.10000000,163.67659800,1680307789562,True,True
54407698,0.02598000,1585.80000000,41.19908400,1680307789562,True,True
54407699,0.02598000,11882.60000000,308.70994800,1680307789562,True,True
54407700,0.02598000,2304.10000000,59.86051800,1680307789562,True,True
54407701,0.02598000,1545.70000000,40.15728600,1680307799597,True,True
54407702,0.02598000,2239.30000000,58.17701400,1680307799597,True,True
54407703,0.02598000,5000.00000000,129.90000000,1680307805834,True,True
54407704,0.02598000,2500.00000000,64.95000000,1680307830528,True,True
54407705,0.02598000,1649.30000000,42.84881400,1680307836909,True,True
54407706,0.02596000,5000.00000000,129.80000000,1680307885368,True,True
54407707,0.02598000,7886.00000000,204.87828000,1680307886171,False,True
54407708,0.02598000,3848.30000000,99.97883400,1680307886171,False,True
54407709,0.02598000,24093.70000000,625.95432600,1680307886171,False,True
54407710,0.02598000,2244.50000000,58.31211000,1680307886171,False,True
54407711,0.02598000,15052.80000000,391.07174400,1680307886171,False,True
54407712,0.02596000,2066.60000000,53.64893600,1680307888999,True,True
54407713,0.02597000,963.50000000,25.02209500,1680307889005,False,True
54407714,0.02597000,5988.10000000,155.51095700,1680307908552,False,True
54407715,0.02597000,20029.50000000,520.16611500,1680307908552,False,True
54407716,0.02597000,19406.00000000,503.97382000,1680307916114,False,True
54407717,0.02597000,107.20000000,2.78398400,1680307916114,False,True
54407718,0.02597000,10892.80000000,282.88601600,1680307924863,False,True
54407719,0.02597000,25051.20000000,650.57966400,1680307924863,False,True
54407720,0.02597000,6777.70000000,176.01686900,1680307924865,False,True
54407721,0.02597000,5000.00000000,129.85000000,1680307931896,True,True
54407722,0.02597000,2560.00000000,66.48320000,1680307940283,True,True
54407723,0.02597000,83918.60000000,2179.36604200,1680307956747,True,True
54407724,0.02597000,35944.10000000,933.46827700,1680307956747,True,True
54407725,0.02597000,16077.00000000,417.51969000,1680307956747,True,True
54407726,0.02597000,13244.40000000,343.95706800,1680307956747,True,True
54407727,0.02597000,4088.40000000,106.17574800,1680307956773,True,True
54407728,0.02598000,604.30000000,15.69971400,1680307977322,True,True
54407729,0.02598000,5000.00000000,129.90000000,1680307982317,True,True
54407730,0.02598000,2287.80000000,59.43704400,1680307987875,True,True
54407731,0.02598000,2712.20000000,70.46295600,1680307987875,True,True
54407732,0.02599000,384.70000000,9.99835300,1680308015045,False,True
54407733,0.02599000,2305.30000000,59.91474700,1680308024651,False,True
54407734,0.02599000,7886.00000000,204.95714000,1680308024651,False,True
54407735,0.02599000,5613.70000000,145.90006300,1680308024651,False,True
54407736,0.02599000,11853.70000000,308.07766300,1680308026835,False,True
54407737,0.02599000,188.30000000,4.89391700,1680308031116,False,True
54407738,0.02599000,11000.00000000,285.89000000,1680308031116,False,True
54407739,0.02599000,6592.40000000,171.33647600,1680308031116,False,True
54407740,0.02599000,4312.20000000,112.07407800,1680308031205,False,True
54407741,0.02599000,17780.70000000,462.12039300,1680308034307,True,True
54407742,0.02598000,500.00000000,12.99000000,1680308065596,True,True
54407743,0.02598000,543.90000000,14.13052200,1680308066010,True,True
54407744,0.02598000,1842.00000000,47.85516000,1680308074888,True,True
54407745,0.02598000,2286.30000000,59.39807400,1680308074888,True,True
54407746,0.02598000,1951.70000000,50.70516600,1680308074888,True,True
54407747,0.02598000,700.00000000,18.18600000,1680308086139,True,True
54407748,0.02600000,463.90000000,12.06140000,1680308112489,False,True
54407749,0.02600000,24006.50000000,624.16900000,1680308121869,False,True
54407750,0.02600000,14433.80000000,375.27880000,1680308121869,False,True
54407751,0.02600000,8432.20000000,219.23720000,1680308125114,False,True
54407752,0.02600000,12770.40000000,332.03040000,1680308125114,False,True
54407753,0.02600000,10000.00000000,260.00000000,1680308125114,False,True
54407754,0.02600000,7237.70000000,188.18020000,1680308125114,False,True
54407755,0.02600000,8368.00000000,217.56800000,1680308128553,False,True
54407756,0.02600000,7674.00000000,199.52400000,1680308128553,False,True
54407757,0.02600000,7867.00000000,204.54200000,1680308128553,False,True
54407758,0.02600000,1717.90000000,44.66540000,1680308128553,False,True
54407759,0.02599000,444.00000000,11.53956000,1680308142335,False,True
54407760,0.02599000,1568.10000000,40.75491900,1680308142335,False,True
54407761,0.02599000,6316.40000000,164.16323600,1680308143374,False,True
54407762,0.02599000,18669.90000000,485.23070100,1680308143403,True,True
54407763,0.02599000,444.00000000,11.53956000,1680308157288,True,True
54407764,0.02599000,3851.30000000,100.09528700,1680308160235,True,True
54407765,0.02598000,400.00000000,10.39200000,1680308173388,True,True
54407766,0.02598000,650.00000000,16.88700000,1680308181712,True,True
54407767,0.02598000,2000.00000000,51.96000000,1680308185782,True,True
54407768,0.02599000,2653.10000000,68.95406900,1680308187541,False,True
54407769,0.02599000,1198.20000000,31.14121800,1680308187541,False,True
54407770,0.02599000,7886.00000000,204.95714000,1680308190702,True,True
54407771,0.02599000,3851.30000000,100.09528700,1680308190702,True,True
54407772,0.02598000,801.30000000,20.81777400,1680308190702,True,True
54407773,0.02598000,2461.40000000,63.94717200,1680308190702,True,True
54407774,0.02599000,500.00000000,12.99500000,1680308215527,True,True
54407775,0.02600000,5936.10000000,154.33860000,1680308231360,False,True
54407776,0.02600000,5261.00000000,136.78600000,1680308231360,False,True
54407777,0.02600000,11522.00000000,299.57200000,1680308231360,False,True
54407778,0.02600000,500.90000000,13.02340000,1680308231489,True,True
54407779,0.02601000,422.90000000,10.99962900,1680308273105,False,True
54407780,0.02600000,4436.30000000,115.34380000,1680308302018,True,True
54407781,0.02600000,1406.50000000,36.56900000,1680308302019,True,True
54407782,0.02600000,4259.00000000,110.73400000,1680308312281,False,True
54407783,0.02599000,5000.00000000,129.95000000,1680308321912,True,True
54407784,0.02599000,3849.80000000,100.05630200,1680308335952,True,True
54407785,0.02599000,4016.30000000,104.38363700,1680308335952,True,True
54407786,0.02600000,3621.00000000,94.14600000,1680308342799,False,True
54407787,0.02600000,500.00000000,13.00000000,1680308360754,True,True
54407788,0.02601000,7377.00000000,191.87577000,1680308382775,True,True
54407789,0.02601000,740.30000000,19.25520300,1680308382775,True,True
54407790,0.02601000,16077.00000000,418.16277000,1680308382775,True,True
54407791,0.02601000,12733.50000000,331.19833500,1680308386197,True,True
54407792,0.02601000,3343.50000000,86.96443500,1680308386201,True,True
54407793,0.02601000,7654.00000000,199.08054000,1680308386201,True,True
54407794,0.02601000,1537.70000000,39.99557700,1680308386201,True,True
54407795,0.02600000,444.00000000,11.54400000,1680308389442,True,True
54407796,0.02601000,776.30000000,20.19156300,1680308420837,True,True
54407797,0.02600000,444.00000000,11.54400000,1680308424692,True,True
54407798,0.02602000,793.50000000,20.64687000,1680308450366,False,True
54407799,0.02602000,526.70000000,13.70473400,1680308450366,False,True
54407800,0.02602000,6746.30000000,175.53872600,1680308450366,False,True
54407801,0.02602000,31828.90000000,828.18797800,1680308450366,False,True
54407802,0.02602000,4259.00000000,110.81918000,1680308450370,True,True
54407803,0.02602000,74104.10000000,1928.18868200,1680308450681,True,True
54407804,0.02602000,7255.00000000,188.77510000,1680308460046,True,True
54407805,0.02602000,8702.70000000,226.44425400,1680308460048,True,True
54407806,0.02602000,21867.70000000,568.99755400,1680308460053,True,True
54407807,0.02600000,444.00000000,11.54400000,1680308464381,True,True
54407808,0.02601000,685.10000000,17.81945100,1680308471369,True,True
54407809,0.02600000,444.00000000,11.54400000,1680308497197,True,True
54407810,0.02600000,2671.50000000,69.45900000,1680308505466,True,True
54407811,0.02599000,5000.00000000,129.95000000,1680308507193,True,True
54407812,0.02599000,2222.00000000,57.74978000,1680308535979,True,True
54407813,0.02599000,3778.00000000,98.19022000,1680308542146,True,True
54407814,0.02599000,9663.10000000,251.14396900,1680308542146,True,True
54407815,0.02599000,8780.90000000,228.21559100,1680308542146,True,True
54407816,0.02599000,444.00000000,11.53956000,1680308549179,True,True
54407817,0.02599000,444.00000000,11.53956000,1680308554431,True,True
54407818,0.02599000,10000.00000000,259.90000000,1680308606091,True,True
54407819,0.02599000,556.00000000,14.45044000,1680308606111,True,True
54407820,0.02599000,11542.90000000,299.99997100,1680308606111,True,True
54407821,0.02599000,9478.30000000,246.34101700,1680308606149,True,True
54407822,0.02598000,5008.00000000,130.10784000,1680308614364,True,True
54407823,0.02598000,416.60000000,10.82326800,1680308622356,True,True
54407824,0.02597000,4583.40000000,119.03089800,1680308622356,True,True
54407825,0.02597000,32343.00000000,839.94771000,1680308625368,True,True
54407826,0.02597000,7167.80000000,186.14776600,1680308625372,True,True
54407827,0.02597000,213407.00000000,5542.17979000,1680308625518,True,True
54407828,0.02597000,7692.90000000,199.78461300,1680308625518,True,True
54407829,0.02597000,12834.00000000,333.29898000,1680308625518,True,True
54407830,0.02595000,7890.60000000,204.76107000,1680308627603,True,True
54407831,0.02595000,1516.20000000,39.34539000,1680308627603,True,True
54407832,0.02595000,27213.70000000,706.19551500,1680308627603,True,True
54407833,0.02595000,11000.00000000,285.45000000,1680308627603,True,True
54407834,0.02595000,10000.00000000,259.50000000,1680308627603,True,True
54407835,0.02595000,22641.20000000,587.53914000,1680308627603,True,True
54407836,0.02595000,965.00000000,25.04175000,1680308635169,False,True
54407837,0.02596000,3849.80000000,99.94080800,1680308638009,False,True
54407838,0.02596000,47.50000000,1.23310000,1680308638009,False,True
54407839,0.02594000,50000.00000000,1297.00000000,1680308658415,True,True
54407840,0.02594000,621.10000000,16.11133400,1680308676551,True,True
54407841,0.02594000,41840.00000000,1085.32960000,1680308678090,True,True
54407842,0.02594000,23498.40000000,609.54849600,1680308706075,True,True
54407843,0.02594000,11000.00000000,285.34000000,1680308706075,True,True
54407844,0.02594000,1782.60000000,46.24064400,1680308706075,True,True
54407845,0.02595000,940.70000000,24.41116500,1680308718632,False,True
54407846,0.02594000,965.00000000,25.03210000,1680308723520,False,True
54407847,0.02592000,444.00000000,11.50848000,1680308732516,True,True
54407848,0.02593000,8360.70000000,216.79295100,1680308733596,False,True
54407849,0.02593000,4275.30000000,110.85852900,1680308733598,False,True
54407850,0.02594000,2703.70000000,70.13397800,1680308741700,False,True
54407851,0.02595000,3855.70000000,100.05541500,1680308772685,False,True
54407852,0.02595000,11000.00000000,285.45000000,1680308772685,False,True
54407853,0.02596000,7904.30000000,205.19562800,1680308774228,False,True
54407854,0.02597000,7886.00000000,204.79942000,1680308789013,False,True
54407855,0.02597000,3852.80000000,100.05721600,1680308789013,False,True
54407856,0.02598000,385.00000000,10.00230000,1680308807778,False,True
54407857,0.02598000,4347.00000000,112.93506000,1680308811358,False,True
54407858,0.02598000,962.80000000,25.01354400,1680308820781,True,True
54407859,0.02598000,2000.00000000,51.96000000,1680308836974,True,True
54407860,0.02598000,2478.90000000,64.40182200,1680308911771,True,True
54407861,0.02598000,1965.10000000,51.05329800,1680308911771,True,True
54407862,0.02599000,2141.30000000,55.65238700,1680308932712,False,True
54407863,0.02599000,7886.00000000,204.95714000,1680308932712,False,True
54407864,0.02599000,2967.90000000,77.13572100,1680308932712,False,True
54407865,0.02600000,741.80000000,19.28680000,1680308932712,False,True
54407866,0.02598000,4444.00000000,115.45512000,1680309045043,True,True
54407867,0.02599000,830.20000000,21.57689800,1680309047273,False,True
54407868,0.02598000,1289.10000000,33.49081800,1680309056686,True,True
54407869,0.02598000,1278.40000000,33.21283200,1680309056686,True,True
54407870,0.02599000,4083.20000000,106.12236800,1680309081160,True,True
54407871,0.02599000,3802.80000000,98.83477200,1680309081162,True,True
54407872,0.02598000,4444.00000000,115.45512000,1680309087900,True,True
54407873,0.02598000,4444.00000000,115.45512000,1680309098548,False,True
54407874,0.02599000,7886.00000000,204.95714000,1680309098571,False,True
54407875,0.02599000,1278.40000000,33.22561600,1680309098571,False,True
54407876,0.02599000,11000.00000000,285.89000000,1680309098571,False,True
54407877,0.02599000,4221.90000000,109.72718100,1680309102364,False,True
54407878,0.02599000,3661.10000000,95.15198900,1680309102364,False,True
54407879,0.02599000,4414.00000000,114.71986000,1680309116534,True,True
54407880,0.02599000,3472.00000000,90.23728000,1680309116535,True,True
54407881,0.02598000,2121.00000000,55.10358000,1680309134288,True,True
54407882,0.02598000,1000.10000000,25.98259800,1680309146417,True,True
54407883,0.02599000,4251.40000000,110.49388600,1680309156962,False,True
54407884,0.02599000,192.60000000,5.00567400,1680309156965,False,True
54407885,0.02598000,4444.00000000,115.45512000,1680309182745,True,True
54407886,0.02598000,423.40000000,10.99993200,1680309189244,True,True
54407887,0.02597000,4020.60000000,104.41498200,1680309189244,True,True
54407888,0.02598000,785.50000000,20.40729000,1680309205473,False,True
54407889,0.02598000,2977.60000000,77.35804800,1680309205473,False,True
54407890,0.02598000,4905.40000000,127.44229200,1680309205473,False,True
54407891,0.02599000,4104.70000000,106.68115300,1680309225055,True,True
54407892,0.02599000,3784.40000000,98.35655600,1680309225055,True,True
54407893,0.02598000,4444.00000000,115.45512000,1680309249447,True,True
54407894,0.02600000,2282.10000000,59.33460000,1680309250820,False,True
54407895,0.02598000,4444.00000000,115.45512000,1680309279067,True,True
54407896,0.02599000,3840.40000000,99.81199600,1680309303257,True,True
54407897,0.02598000,603.60000000,15.68152800,1680309303257,True,True
54407898,0.02598000,4444.00000000,115.45512000,1680309372585,True,True
54407899,0.02598000,4314.20000000,112.08291600,1680309415000,True,True
54407900,0.02598000,2241.80000000,58.24196400,1680309468907,True,True
54407901,0.02598000,2202.20000000,57.21315600,1680309468907,True,True
54407902,0.02599000,5555.00000000,144.37445000,1680309507131,True,True
54407903,0.02599000,10522.00000000,273.46678000,1680309509759,True,True
54407904,0.02599000,2805.80000000,72.92274200,1680309513461,False,True
54407905,0.02600000,1313.50000000,34.15100000,1680309535695,False,True
54407906,0.02600000,9686.50000000,251.84900000,1680309580691,False,True
54407907,0.02601000,3784.40000000,98.43224400,1680309580692,False,True
54407908,0.02601000,1579.70000000,41.08799700,1680309587509,False,True
54407909,0.02600000,2239.30000000,58.22180000,1680309643606,False,True
54407910,0.02598000,11000.00000000,285.78000000,1680309660201,True,True
54407911,0.02598000,738.80000000,19.19402400,1680309660216,True,True
54407912,0.02598000,6864.60000000,178.34230800,1680309662392,True,True
54407913,0.02597000,3852.80000000,100.05721600,1680309666384,True,True
54407914,0.02597000,1147.20000000,29.79278400,1680309666384,True,True
54407915,0.02597000,463.40000000,12.03449800,1680309674516,True,True
54407916,0.02598000,459.90000000,11.94820200,1680309695443,True,True
54407917,0.02597000,17814.00000000,462.62958000,1680309720250,True,True
54407918,0.02597000,10668.80000000,277.06873600,1680309720250,True,True
54407919,0.02597000,3851.30000000,100.01826100,1680309724571,True,True
54407920,0.02597000,4826.80000000,125.35199600,1680309724571,True,True
54407921,0.02596000,11000.00000000,285.56000000,1680309724669,True,True
54407922,0.02596000,19247.80000000,499.67288800,1680309724669,True,True
54407923,0.02596000,31828.90000000,826.27824400,1680309724691,True,True
54407924,0.02596000,12009.50000000,311.76662000,1680309724691,True,True
54407925,0.02596000,40000.00000000,1038.40000000,1680309724961,True,True
54407926,0.02596000,2492.60000000,64.70789600,1680309724965,True,True
54407927,0.02596000,5373.40000000,139.49346400,1680309724966,True,True
54407928,0.02596000,5228.90000000,135.74224400,1680309724985,True,True
54407929,0.02596000,9686.50000000,251.46154000,1680309726077,True,True
54407930,0.02596000,10000.00000000,259.60000000,1680309727039,True,True
54407931,0.02596000,964.80000000,25.04620800,1680309727039,True,True
54407932,0.02596000,9640.00000000,250.25440000,1680309727044,True,True
54407933,0.02596000,810.00000000,21.02760000,1680309727044,True,True
54407934,0.02596000,1032.70000000,26.80889200,1680309727045,True,True
54407935,0.02595000,3456.30000000,89.69098500,1680309727045,True,True
54407936,0.02595000,771.00000000,20.00745000,1680309727045,True,True
54407937,0.02595000,3658.70000000,94.94326500,1680309727047,True,True
54407938,0.02594000,13386.30000000,347.24062200,1680309727047,True,True
54407939,0.02593000,963.60000000,24.98614800,1680309756750,False,True
54407940,0.02593000,6266.40000000,162.48775200,1680309756757,False,True
54407941,0.02593000,1453.00000000,37.67629000,1680309756757,False,True
54407942,0.02592000,85448.40000000,2214.82252800,1680309775411,True,True
54407943,0.02592000,21157.70000000,548.40758400,1680309776090,True,True
54407944,0.02592000,393.60000000,10.20211200,1680309776264,False,True
54407945,0.02591000,916.90000000,23.75687900,1680309782230,True,True
54407946,0.02591000,6979.80000000,180.84661800,1680309782230,True,True
54407947,0.02591000,793.50000000,20.55958500,1680309782230,True,True
54407948,0.02591000,3858.70000000,99.97891700,1680309782230,True,True
54407949,0.02591000,11000.00000000,285.01000000,1680309782230,True,True
54407950,0.02591000,6970.40000000,180.60306400,1680309782230,True,True
54407951,0.02592000,5633.10000000,146.00995200,1680309792089,False,True
54407952,0.02592000,3858.70000000,100.01750400,1680309792089,False,True
54407953,0.02592000,2871.00000000,74.41632000,1680309792089,False,True
54407954,0.02592000,6159.60000000,159.65683200,1680309792090,False,True
54407955,0.02592000,4033.70000000,104.55350400,1680309792090,False,True
54407956,0.02592000,3976.50000000,103.07088000,1680309792092,False,True
54407957,0.02592000,2959.20000000,76.70246400,1680309792093,False,True
54407958,0.02592000,3852.80000000,99.86457600,1680309792119,False,True
54407959,0.02592000,3861.70000000,100.09526400,1680309994894,True,True
54407960,0.02592000,6425.10000000,166.53859200,1680309994894,True,True
54407961,0.02593000,3852.80000000,99.90310400,1680310001632,True,True
54407962,0.02593000,964.30000000,25.00429900,1680310008003,False,True
54407963,0.02590000,7884.50000000,204.20855000,1680310051090,True,True
54407964,0.02590000,3861.00000000,99.99990000,1680310051090,True,True
54407965,0.02590000,3861.70000000,100.01803000,1680310051090,True,True
54407966,0.02590000,45839.80000000,1187.25082000,1680310051090,True,True
54407967,0.02589000,7919.60000000,205.03844400,1680310051090,True,True
54407968,0.02589000,28949.80000000,749.51032200,1680310051090,True,True
54407969,0.02590000,6425.10000000,166.41009000,1680310051118,True,True
54407970,0.02589000,19096.60000000,494.41097400,1680310051366,True,True
54407971,0.02589000,3862.40000000,99.99753600,1680310051366,True,True
54407972,0.02589000,3861.70000000,99.97941300,1680310051366,True,True
54407973,0.02588000,7919.60000000,204.95924800,1680310051366,True,True
54407974,0.02588000,6746.30000000,174.59424400,1680310051366,True,True
54407975,0.02588000,2768.30000000,71.64360400,1680310051366,True,True
54407976,0.02588000,27384.60000000,708.71344800,1680310051366,True,True
54407977,0.02589000,4436.30000000,114.85580700,1680310072387,False,True
54407978,0.02588000,2768.30000000,71.64360400,1680310136658,True,True
54407979,0.02588000,18669.90000000,483.17701200,1680310136658,True,True
54407980,0.02588000,2768.30000000,71.64360400,1680310136658,True,True
54407981,0.02588000,2768.30000000,71.64360400,1680310136658,True,True
54407982,0.02588000,2768.30000000,71.64360400,1680310136658,True,True
54407983,0.02588000,2768.30000000,71.64360400,1680310136658,True,True
54407984,0.02588000,2768.30000000,71.64360400,1680310136658,True,True
54407985,0.02588000,2768.30000000,71.64360400,1680310136658,True,True
54407986,0.02588000,2768.30000000,71.64360400,1680310136658,True,True
54407987,0.02588000,2768.10000000,71.63842800,1680310136658,True,True
54407988,0.02587000,7921.10000000,204.91885700,1680310136658,True,True
54407989,0.02587000,438.70000000,11.34916900,1680310136658,True,True
54407990,0.02587000,12802.20000000,331.19291400,1680310136658,True,True
54407991,0.02587000,25170.30000000,651.15566100,1680310136658,True,True
54407992,0.02587000,7615.40000000,197.01039800,1680310136658,True,True
54407993,0.02587000,31828.90000000,823.41364300,1680310136658,True,True
54407994,0.02587000,66669.30000000,1724.73479100,1680310136662,False,True
54407995,0.02587000,8678.10000000,224.50244700,1680310136662,False,True
54407996,0.02587000,22034.20000000,570.02475400,1680310136663,False,True
54407997,0.02587000,18669.90000000,482.99031300,1680310136663,False,True
54407998,0.02587000,119999.90000000,3104.39741300,1680310136663,False,True
54407999,0.02587000,20986.30000000,542.91558100,1680310136664,False,True
54408000,0.02587000,896.00000000,23.17952000,1680310160343,True,True
54408001,0.02588000,7916.50000000,204.87902000,1680310215162,False,True
54408002,0.02590000,7911.90000000,204.91821000,1680310235367,False,True
54408003,0.02590000,3863.20000000,100.05688000,1680310235367,False,True
54408004,0.02590000,10108.20000000,261.80238000,1680310235367,False,True
54408005,0.02588000,7727.90000000,199.99805200,1680310316754,True,True
54408006,0.02588000,3864.70000000,100.01843600,1680310316754,True,True
54408007,0.02588000,965.70000000,24.99231600,1680310316760,False,True
54408008,0.02587000,697.80000000,18.05208600,1680310365172,True,True
54408009,0.02587000,1171.00000000,30.29377000,1680310373252,True,True
54408010,0.02587000,7344.40000000,189.99962800,1680310373252,True,True
54408011,0.02587000,10792.60000000,279.20456200,1680310373252,True,True
54408012,0.02587000,40000.00000000,1034.80000000,1680310373252,True,True
54408013,0.02587000,2764.80000000,71.52537600,1680310373252,True,True
54408014,0.02587000,2631.10000000,68.06655700,1680310373252,True,True
54408015,0.02587000,133.70000000,3.45881900,1680310373269,True,True
54408016,0.02587000,2764.80000000,71.52537600,1680310373269,True,True
54408017,0.02587000,1456.80000000,37.68741600,1680310373269,True,True
54408018,0.02587000,1308.00000000,33.83796000,1680310376300,True,True
54408019,0.02587000,2764.80000000,71.52537600,1680310376300,True,True
54408020,0.02587000,2764.80000000,71.52537600,1680310376300,True,True
54408021,0.02587000,2764.80000000,71.52537600,1680310376300,True,True
54408022,0.02587000,2705.40000000,69.98869800,1680310376300,True,True
54408023,0.02587000,59.40000000,1.53667800,1680310384012,True,True
54408024,0.02587000,2764.30000000,71.51244100,1680310384012,True,True
54408025,0.02586000,3209.40000000,82.99508400,1680310394036,True,True
54408026,0.02586000,6513.70000000,168.44428200,1680310394036,True,True
54408027,0.02586000,7020.70000000,181.55530200,1680310399996,True,True
54408028,0.02586000,6960.50000000,179.99853000,1680310399996,True,True
54408029,0.02586000,420.20000000,10.86637200,1680310399996,True,True
54408030,0.02586000,16077.00000000,415.75122000,1680310399996,True,True
54408031,0.02585000,7887.60000000,203.89446000,1680310399996,True,True
54408032,0.02585000,1549.30000000,40.04940500,1680310399996,True,True
54408033,0.02587000,926.70000000,23.97372900,1680310411976,False,True
54408034,0.02587000,2282.70000000,59.05344900,1680310415521,False,True
54408035,0.02587000,4711.70000000,121.89167900,1680310415521,False,True
54408036,0.02587000,736.50000000,19.05325500,1680310415521,False,True
54408037,0.02588000,3753.80000000,97.14834400,1680310419178,False,True
54408038,0.02586000,3641.90000000,94.17953400,1680310419601,True,True
54408039,0.02588000,3000.00000000,77.64000000,1680310441004,False,True
54408040,0.02589000,611.60000000,15.83432400,1680310565651,False,True
54408041,0.02589000,4676.60000000,121.07717400,1680310660004,False,True
54408042,0.02590000,7915.00000000,204.99850000,1680310701840,False,True
54408043,0.02590000,3863.20000000,100.05688000,1680310701840,False,True
54408044,0.02590000,33449.50000000,866.34205000,1680310701840,False,True
54408045,0.02590000,7198.80000000,186.44892000,1680310701840,False,True
54408046,0.02590000,3801.20000000,98.45108000,1680310701853,False,True
54408047,0.02590000,554.10000000,14.35119000,1680310701853,False,True
54408048,0.02591000,7895.20000000,204.56463200,1680310703843,False,True
54408049,0.02591000,11000.00000000,285.01000000,1680310703843,False,True
54408050,0.02591000,23192.50000000,600.91767500,1680310703843,False,True
54408051,0.02591000,3864.70000000,100.13437700,1680310703843,False,True
54408052,0.02592000,6474.00000000,167.80608000,1680310703843,False,True
54408053,0.02592000,7908.90000000,204.99868800,1680310704841,False,True
54408054,0.02592000,6729.50000000,174.42864000,1680310704841,False,True
54408055,0.02592000,11000.00000000,285.12000000,1680310704841,False,True
54408056,0.02592000,3863.20000000,100.13414400,1680310704841,False,True
54408057,0.02592000,20000.00000000,518.40000000,1680310704841,False,True
54408058,0.02592000,2924.80000000,75.81081600,1680310704841,False,True
54408059,0.02592000,1000.00000000,25.92000000,1680310706207,True,True
54408060,0.02593000,23192.10000000,601.37115300,1680310744136,False,True
54408061,0.02593000,11000.00000000,285.23000000,1680310744136,False,True
54408062,0.02593000,3110.30000000,80.65007900,1680310744136,False,True
54408063,0.02593000,12376.30000000,320.91745900,1680310744136,False,True
54408064,0.02593000,2019.60000000,52.36822800,1680310744136,False,True
54408065,0.02593000,6460.90000000,167.53113700,1680310744163,False,True
54408066,0.02593000,2027.60000000,52.57566800,1680310744195,False,True
54408067,0.02593000,11000.00000000,285.23000000,1680310744218,False,True
54408068,0.02593000,2121.00000000,54.99753000,1680310745379,True,True
54408069,0.02594000,890.50000000,23.09957000,1680310801621,False,True
54408070,0.02594000,109.50000000,2.84043000,1680310801621,False,True
54408071,0.02594000,7901.20000000,204.95712800,1680310808207,True,True
54408072,0.02594000,11000.00000000,285.34000000,1680310808207,True,True
54408073,0.02593000,5783.30000000,149.96096900,1680310808348,True,True
54408074,0.02593000,2117.90000000,54.91714700,1680310808348,True,True
54408075,0.02593000,14753.80000000,382.56603400,1680310808348,True,True
54408076,0.02593000,6836.80000000,177.27822400,1680310808348,True,True
54408077,0.02593000,4135.40000000,107.23092200,1680310808353,True,True
54408078,0.02593000,7899.70000000,204.83922100,1680310808529,False,True
54408079,0.02593000,5894.30000000,152.83919900,1680310894485,True,True
54408080,0.02594000,3858.00000000,100.07652000,1680310943805,False,True
54408081,0.02594000,3048.10000000,79.06771400,1680310943845,False,True
54408082,0.02594000,996.70000000,25.85439800,1680311082685,False,True
54408083,0.02594000,3138.70000000,81.41787800,1680311082685,False,True
54408084,0.02593000,4436.30000000,115.03325900,1680311106175,True,True
54408085,0.02592000,7905.80000000,204.91833600,1680311116630,True,True
54408086,0.02592000,964.70000000,25.00502400,1680311116675,False,True
54408087,0.02592000,840.10000000,21.77539200,1680311116689,False,True
54408088,0.02592000,1353.70000000,35.08790400,1680311121592,False,True
54408089,0.02592000,3857.00000000,99.97344000,1680311136327,False,True
54408090,0.02591000,3858.50000000,99.97373500,1680311136349,False,True
54408091,0.02591000,17608.90000000,456.24659900,1680311136361,False,True
54408092,0.02591000,3858.50000000,99.97373500,1680311136365,False,True
54408093,0.02591000,4436.30000000,114.94453300,1680311136377,False,True
54408094,0.02591000,964.50000000,24.99019500,1680311136387,False,True
54408095,0.02592000,1967.30000000,50.99241600,1680311158458,False,True
54408096,0.02591000,3137.20000000,81.28485200,1680311193863,True,True
54408097,0.02590000,11000.00000000,284.90000000,1680311193933,True,True
54408098,0.02590000,24872.00000000,644.18480000,1680311193933,True,True
54408099,0.02590000,84861.60000000,2197.91544000,1680311193986,True,True
54408100,0.02590000,7907.30000000,204.79907000,1680311208437,False,True
54408101,0.02590000,7913.40000000,204.95706000,1680311221116,True,True
54408102,0.02589000,3710.00000000,96.05190000,1680311244249,True,True
54408103,0.02589000,11000.00000000,284.79000000,1680311244249,True,True
54408104,0.02588000,1975.00000000,51.11300000,1680311260065,True,True
54408105,0.02588000,965.60000000,24.98972800,1680311279381,False,True
54408106,0.02588000,1400.10000000,36.23458800,1680311295334,True,True
54408107,0.02588000,1299.10000000,33.62070800,1680311337239,True,True
54408108,0.02588000,8872.80000000,229.62806400,1680311337243,True,True
54408109,0.02588000,30000.00000000,776.40000000,1680311337284,True,True
54408110,0.02587000,14752.60000000,381.64976200,1680311346009,True,True
54408111,0.02587000,17056.50000000,441.25165500,1680311346009,True,True
54408112,0.02587000,11000.00000000,284.57000000,1680311355328,True,True
54408113,0.02586000,2767.40000000,71.56496400,1680311357360,True,True
54408114,0.02586000,789.50000000,20.41647000,1680311357360,True,True
54408115,0.02586000,2767.40000000,71.56496400,1680311365006,True,True
54408116,0.02586000,2767.40000000,71.56496400,1680311365006,True,True
54408117,0.02586000,2767.40000000,71.56496400,1680311365006,True,True
54408118,0.02586000,2767.40000000,71.56496400,1680311365006,True,True
54408119,0.02586000,1889.30000000,48.85729800,1680311365006,True,True
54408120,0.02586000,878.10000000,22.70766600,1680311374775,True,True
54408121,0.02586000,2767.40000000,71.56496400,1680311374775,True,True
54408122,0.02586000,1492.80000000,38.60380800,1680311374775,True,True
54408123,0.02586000,878.10000000,22.70766600,1680311374776,True,True
54408124,0.02586000,396.50000000,10.25349000,1680311374781,True,True
54408125,0.02586000,481.60000000,12.45417600,1680311374781,True,True
54408126,0.02586000,2285.80000000,59.11078800,1680311378227,True,True
54408127,0.02586000,2767.10000000,71.55720600,1680311378227,True,True
54408128,0.02585000,7899.70000000,204.20724500,1680311378227,True,True
54408129,0.02585000,3868.40000000,99.99814000,1680311378227,True,True
54408130,0.02584000,6558.80000000,169.47939200,1680311378227,True,True
54408131,0.02584000,1618.30000000,41.81687200,1680311378227,True,True
54408132,0.02584000,6729.50000000,173.89028000,1680311378227,True,True
54408133,0.02584000,128033.70000000,3308.39080800,1680311378227,True,True
54408134,0.02584000,11000.00000000,284.24000000,1680311378227,True,True
54408135,0.02584000,23371.30000000,603.91439200,1680311378227,True,True
54408136,0.02584000,38119.80000000,985.01563200,1680311378227,True,True
54408137,0.02583000,7904.30000000,204.16806900,1680311378227,True,True
54408138,0.02583000,2128.60000000,54.98173800,1680311378227,True,True
54408139,0.02583000,7157.30000000,184.87305900,1680311378227,True,True
54408140,0.02585000,1046.80000000,27.05978000,1680311378243,False,True
54408141,0.02585000,3627.00000000,93.75795000,1680311378267,False,True
54408142,0.02584000,542.40000000,14.01561600,1680311380686,False,True
54408143,0.02583000,425.90000000,11.00099700,1680311382887,True,True
54408144,0.02583000,2768.40000000,71.50777200,1680311382887,True,True
54408145,0.02583000,2768.40000000,71.50777200,1680311382887,True,True
54408146,0.02583000,2768.40000000,71.50777200,1680311382887,True,True
54408147,0.02583000,2768.40000000,71.50777200,1680311382887,True,True
54408148,0.02583000,2768.40000000,71.50777200,1680311382887,True,True
54408149,0.02583000,2768.40000000,71.50777200,1680311382887,True,True
54408150,0.02583000,2768.40000000,71.50777200,1680311382887,True,True
54408151,0.02583000,2768.40000000,71.50777200,1680311382887,True,True
54408152,0.02583000,2768.40000000,71.50777200,1680311382887,True,True
54408153,0.02583000,2767.50000000,71.48452500,1680311382887,True,True
54408154,0.02582000,1137.00000000,29.35734000,1680311382887,True,True
54408155,0.02582000,6729.50000000,173.75569000,1680311382887,True,True
54408156,0.02582000,7908.90000000,204.20779800,1680311382887,True,True
54408157,0.02582000,11618.90000000,299.99999800,1680311382887,True,True
54408158,0.02581000,793.50000000,20.48023500,1680311382887,True,True
54408159,0.02581000,7919.60000000,204.40487600,1680311382887,True,True
54408160,0.02580000,77519.30000000,1999.99794000,1680311382887,True,True
54408161,0.02580000,3875.90000000,99.99822000,1680311382887,True,True
54408162,0.02580000,31414.70000000,810.49926000,1680311382887,True,True
54408163,0.02580000,9302.30000000,239.99934000,1680311382887,True,True
54408164,0.02580000,5813.90000000,149.99862000,1680311382887,True,True
54408165,0.02580000,12918.60000000,333.29988000,1680311382887,True,True
54408166,0.02580000,6729.50000000,173.62110000,1680311382887,True,True
54408167,0.02580000,1883.40000000,48.59172000,1680311382887,True,True
54408168,0.02579000,7907.30000000,203.92926700,1680311382887,True,True
54408169,0.02579000,27861.30000000,718.54292700,1680311382887,True,True
54408170,0.02582000,1178.30000000,30.42370600,1680311383392,False,True
54408171,0.02582000,6753.50000000,174.37537000,1680311387481,False,True
54408172,0.02583000,909.90000000,23.50271700,1680311438844,False,True
54408173,0.02584000,1289.10000000,33.31034400,1680311524664,False,True
54408174,0.02584000,5369.90000000,138.75821600,1680311524664,False,True
54408175,0.02584000,4436.30000000,114.63399200,1680311527693,False,True
54408176,0.02584000,1665.50000000,43.03652000,1680311527708,False,True
54408177,0.02583000,10000.00000000,258.30000000,1680311549061,True,True
54408178,0.02583000,3872.20000000,100.01892600,1680311549061,True,True
54408179,0.02583000,25930.00000000,669.77190000,1680311549061,True,True
54408180,0.02583000,7578.00000000,195.73974000,1680311549061,True,True
54408181,0.02583000,7674.00000000,198.21942000,1680311549061,True,True
54408182,0.02583000,7259.00000000,187.49997000,1680311549061,True,True
54408183,0.02583000,8385.00000000,216.58455000,1680311549061,True,True
54408184,0.02583000,8319.00000000,214.87977000,1680311549061,True,True
54408185,0.02583000,7867.00000000,203.20461000,1680311549061,True,True
54408186,0.02583000,9564.00000000,247.03812000,1680311549061,True,True
54408187,0.02583000,7861.00000000,203.04963000,1680311549061,True,True
54408188,0.02583000,7230.00000000,186.75090000,1680311549061,True,True
54408189,0.02583000,1193.30000000,30.82293900,1680311549061,True,True
54408190,0.02583000,6390.70000000,165.07178100,1680311549064,True,True
54408191,0.02583000,8343.00000000,215.49969000,1680311549064,True,True
54408192,0.02583000,7665.00000000,197.98695000,1680311549064,True,True
54408193,0.02583000,8368.00000000,216.14544000,1680311549064,True,True
54408194,0.02582000,6659.00000000,171.93538000,1680311549194,True,True
54408195,0.02582000,1665.50000000,43.00321000,1680311549200,True,True
54408196,0.02585000,3248.80000000,83.98148000,1680311604237,False,True
54408197,0.02585000,6420.80000000,165.97768000,1680311655132,True,True
54408198,0.02586000,916.50000000,23.70069000,1680311658172,False,True
54408199,0.02583000,3831.40000000,98.96506200,1680311772717,True,True
54408200,0.02584000,5624.00000000,145.32416000,1680311789500,False,True
54408201,0.02584000,4376.00000000,113.07584000,1680311789502,False,True
54408202,0.02585000,7928.80000000,204.95948000,1680311805663,False,True
54408203,0.02586000,709.80000000,18.35542800,1680311809155,False,True
54408204,0.02586000,1181.50000000,30.55359000,1680311809155,False,True
54408205,0.02586000,1080.60000000,27.94431600,1680311866994,True,True
54408206,0.02588000,7918.00000000,204.91784000,1680311915492,False,True
54408207,0.02588000,12235.40000000,316.65215200,1680311915492,False,True
54408208,0.02588000,1846.60000000,47.79000800,1680311915492,False,True
54408209,0.02586000,6104.80000000,157.87012800,1680311922640,True,True
54408210,0.02586000,6104.80000000,157.87012800,1680311922641,True,True
54408211,0.02587000,4419.50000000,114.33246500,1680311979460,False,True
54408212,0.02589000,2659.70000000,68.85963300,1680311995900,False,True
54408213,0.02589000,1619.70000000,41.93403300,1680311996948,False,True
54408214,0.02585000,3792.80000000,98.04388000,1680312013094,True,True
54408215,0.02585000,4129.80000000,106.75533000,1680312013094,True,True
54408216,0.02584000,8823.50000000,227.99924000,1680312013372,True,True
54408217,0.02583000,884.00000000,22.83372000,1680312015367,True,True
54408218,0.02584000,4129.80000000,106.71403200,1680312047040,False,True
54408219,0.02584000,9263.00000000,239.35592000,1680312047040,False,True
54408220,0.02584000,2832.90000000,73.20213600,1680312047040,False,True
54408221,0.02584000,877.30000000,22.66943200,1680312141647,True,True
54408222,0.02586000,1900.00000000,49.13400000,1680312161521,False,True
54408223,0.02586000,1892.80000000,48.94780800,1680312184448,False,True
54408224,0.02587000,1039.30000000,26.88669100,1680312230048,False,True
54408225,0.02588000,506.60000000,13.11080800,1680312230048,False,True
54408226,0.02588000,1338.60000000,34.64296800,1680312230083,False,True
54408227,0.02588000,1931.00000000,49.97428000,1680312238902,False,True
54408228,0.02586000,10000.00000000,258.60000000,1680312247529,True,True
54408229,0.02586000,3567.80000000,92.26330800,1680312253861,False,True
54408230,0.02588000,7223.80000000,186.95194400,1680312279453,False,True
54408231,0.02588000,20481.10000000,530.05086800,1680312279453,False,True
54408232,0.02589000,5678.30000000,147.01118700,1680312279453,False,True
54408233,0.02588000,11000.00000000,284.68000000,1680312280514,False,True
54408234,0.02589000,4706.00000000,121.83834000,1680312280514,False,True
54408235,0.02589000,5243.70000000,135.75939300,1680312280514,False,True
54408236,0.02586000,1935.30000000,50.04685800,1680312304082,True,True
54408237,0.02586000,4154.70000000,107.44054200,1680312382554,True,True
54408238,0.02586000,3771.00000000,97.51806000,1680312382555,True,True
54408239,0.02587000,13342.30000000,345.16530100,1680312382558,False,True
54408240,0.02586000,7922.60000000,204.87843600,1680312398172,False,True
54408241,0.02586000,11000.00000000,284.46000000,1680312398172,False,True
54408242,0.02587000,10361.00000000,268.03907000,1680312398172,False,True
54408243,0.02586000,6060.00000000,156.71160000,1680312399078,False,True
54408244,0.02586000,4940.00000000,127.74840000,1680312399235,False,True
54408245,0.02586000,13437.70000000,347.49892200,1680312399235,False,True
54408246,0.02587000,639.00000000,16.53093000,1680312414735,False,True
54408247,0.02588000,11000.00000000,284.68000000,1680312414735,False,True
54408248,0.02588000,80314.70000000,2078.54443600,1680312414735,False,True
54408249,0.02588000,16121.10000000,417.21406800,1680312414735,False,True
54408250,0.02588000,6764.60000000,175.06784800,1680312414735,False,True
54408251,0.02588000,19559.60000000,506.20244800,1680312414735,False,True
54408252,0.02587000,11000.00000000,284.57000000,1680312414749,False,True
54408253,0.02587000,3045.50000000,78.78708500,1680312414904,True,True
54408254,0.02586000,3869.20000000,100.05751200,1680312418156,True,True
54408255,0.02586000,11000.00000000,284.46000000,1680312418156,True,True
54408256,0.02586000,1385.20000000,35.82127200,1680312418156,True,True
54408257,0.02588000,11000.00000000,284.68000000,1680312431078,False,True
54408258,0.02589000,4853.30000000,125.65193700,1680312431078,False,True
54408259,0.02589000,1935.30000000,50.10491700,1680312431078,False,True
54408260,0.02589000,6913.10000000,178.98015900,1680312431078,False,True
54408261,0.02589000,11000.00000000,284.79000000,1680312431078,False,True
54408262,0.02589000,2968.00000000,76.84152000,1680312431078,False,True
54408263,0.02587000,11000.00000000,284.57000000,1680312448843,True,True
54408264,0.02587000,3867.70000000,100.05739900,1680312448843,True,True
54408265,0.02587000,7963.40000000,206.01315800,1680312448843,True,True
54408266,0.02586000,11000.00000000,284.46000000,1680312448843,True,True
54408267,0.02586000,3869.20000000,100.05751200,1680312448843,True,True
54408268,0.02586000,9589.10000000,247.97412600,1680312448843,True,True
54408269,0.02586000,38769.60000000,1002.58185600,1680312448843,True,True
54408270,0.02587000,4254.50000000,110.06391500,1680312448857,True,True
54408271,0.02587000,4292.00000000,111.03404000,1680312467237,False,True
54408272,0.02587000,10000.00000000,258.70000000,1680312522015,False,True
54408273,0.02587000,18669.90000000,482.99031300,1680312522015,False,True
54408274,0.02588000,3867.70000000,100.09607600,1680312522015,False,True
54408275,0.02588000,11000.00000000,284.68000000,1680312522015,False,True
54408276,0.02588000,11582.20000000,299.74733600,1680312522015,False,True
54408277,0.02588000,8899.40000000,230.31647200,1680312522015,False,True
54408278,0.02589000,3866.20000000,100.09591800,1680312522015,False,True
54408279,0.02589000,11000.00000000,284.79000000,1680312522015,False,True
54408280,0.02589000,20481.00000000,530.25309000,1680312522015,False,True
54408281,0.02589000,1897.40000000,49.12368600,1680312522015,False,True
54408282,0.02589000,36729.00000000,950.91381000,1680312522015,False,True
54408283,0.02590000,1831.40000000,47.43326000,1680312522015,False,True
54408284,0.02590000,6097.30000000,157.92007000,1680312522015,False,True
54408285,0.02590000,7867.40000000,203.76566000,1680312522015,False,True
54408286,0.02590000,12453.80000000,322.55342000,1680312522015,False,True
54408287,0.02587000,775.00000000,20.04925000,1680312522029,True,True
54408288,0.02589000,1858.10000000,48.10620900,1680312522058,False,True
54408289,0.02589000,7833.00000000,202.79637000,1680312522058,False,True
54408290,0.02589000,7924.20000000,205.15753800,1680312522072,True,True
54408291,0.02589000,3116.10000000,80.67582900,1680312522072,True,True
54408292,0.02588000,7924.20000000,205.07829600,1680312522075,True,True
54408293,0.02590000,159.50000000,4.13105000,1680312523051,False,True
54408294,0.02590000,3869.20000000,100.21228000,1680312523051,False,True
54408295,0.02590000,7590.00000000,196.58100000,1680312523051,False,True
54408296,0.02590000,7259.00000000,188.00810000,1680312523051,False,True
54408297,0.02590000,7674.00000000,198.75660000,1680312523051,False,True
54408298,0.02590000,9564.00000000,247.70760000,1680312523051,False,True
54408299,0.02590000,7230.00000000,187.25700000,1680312523051,False,True
54408300,0.02590000,8385.00000000,217.17150000,1680312523051,False,True
54408301,0.02590000,7645.00000000,198.00550000,1680312523051,False,True
54408302,0.02590000,7867.00000000,203.75530000,1680312523051,False,True
54408303,0.02590000,8956.00000000,231.96040000,1680312523051,False,True
54408304,0.02590000,8343.00000000,216.08370000,1680312523051,False,True
54408305,0.02590000,8319.00000000,215.46210000,1680312523051,False,True
54408306,0.02590000,7358.00000000,190.57220000,1680312523051,False,True
54408307,0.02591000,793.50000000,20.55958500,1680312523051,False,True
54408308,0.02591000,1502.90000000,38.94013900,1680312523051,False,True
54408309,0.02590000,7915.00000000,204.99850000,1680312523067,False,True
54408310,0.02590000,10754.90000000,278.55191000,1680312523067,False,True
54408311,0.02590000,5322.10000000,137.84239000,1680312523074,False,True
54408312,0.02590000,7785.00000000,201.63150000,1680312523074,False,True
54408313,0.02590000,7861.00000000,203.59990000,1680312523079,False,True
54408314,0.02590000,7654.00000000,198.23860000,1680312523079,False,True
54408315,0.02589000,1442.10000000,37.33596900,1680312599268,False,True
54408316,0.02589000,2712.60000000,70.22921400,1680312599268,False,True
54408317,0.02589000,5202.40000000,134.69013600,1680312599307,False,True
54408318,0.02590000,7915.00000000,204.99850000,1680312616378,False,True
54408319,0.02591000,6857.80000000,177.68559800,1680312618807,False,True
54408320,0.02591000,6005.90000000,155.61286900,1680312618848,False,True
54408321,0.02591000,5789.20000000,149.99817200,1680312618848,False,True
54408322,0.02591000,3858.70000000,99.97891700,1680312646418,True,True
54408323,0.02591000,577.60000000,14.96561600,1680312646418,True,True
54408324,0.02591000,15499.40000000,401.58945400,1680312646418,True,True
54408325,0.02591000,3170.50000000,82.14765500,1680312646418,True,True
54408326,0.02592000,7267.90000000,188.38396800,1680312657832,False,True
54408327,0.02592000,117923.50000000,3056.57712000,1680312670788,False,True
54408328,0.02592000,9259.20000000,239.99846400,1680312670788,False,True
54408329,0.02593000,4762.40000000,123.48903200,1680312670788,False,True
54408330,0.02593000,3175.50000000,82.34071500,1680312670788,False,True
54408331,0.02593000,35704.50000000,925.81768500,1680312670788,False,True
54408332,0.02594000,717.70000000,18.61713800,1680312670788,False,True
54408333,0.02594000,4044.70000000,104.91951800,1680312670788,False,True
54408334,0.02594000,3155.50000000,81.85367000,1680312670788,False,True
54408335,0.02594000,24723.20000000,641.31980800,1680312670788,False,True
54408336,0.02594000,6764.60000000,175.47372400,1680312670788,False,True
54408337,0.02594000,66707.20000000,1730.38476800,1680312670788,False,True
54408338,0.02593000,4436.30000000,115.03325900,1680312670809,False,True
54408339,0.02593000,4519.70000000,117.19582100,1680312670809,False,True
54408340,0.02593000,8319.00000000,215.71167000,1680312670809,False,True
54408341,0.02593000,5831.20000000,151.20301600,1680312670809,False,True
54408342,0.02593000,7590.00000000,196.80870000,1680312670814,False,True
54408343,0.02593000,7230.00000000,187.47390000,1680312670814,False,True
54408344,0.02593000,8343.00000000,216.33399000,1680312670814,False,True
54408345,0.02593000,7785.00000000,201.86505000,1680312670814,False,True
54408346,0.02593000,2475.10000000,64.17934300,1680312670931,True,True
54408347,0.02593000,1914.20000000,49.63520600,1680312671247,True,True
54408348,0.02594000,8789.50000000,227.99963000,1680312671851,False,True
54408349,0.02595000,3658.70000000,94.94326500,1680312671851,False,True
54408350,0.02595000,4242.50000000,110.09287500,1680312671851,False,True
54408351,0.02596000,2793.00000000,72.50628000,1680312671851,False,True
54408352,0.02596000,5128.10000000,133.12547600,1680312671851,False,True
54408353,0.02596000,9054.40000000,235.05222400,1680312671851,False,True
54408354,0.02596000,6296.30000000,163.45194800,1680312671851,False,True
54408355,0.02594000,1930.90000000,50.08754600,1680312671880,True,True
54408356,0.02594000,2121.00000000,55.01874000,1680312671943,True,True
54408357,0.02595000,963.30000000,24.99763500,1680312672231,False,True
54408358,0.02595000,2895.40000000,75.13563000,1680312672900,False,True
54408359,0.02595000,18669.90000000,484.48390500,1680312672900,False,True
54408360,0.02595000,946.00000000,24.54870000,1680312672900,False,True
54408361,0.02596000,6933.70000000,179.99885200,1680312672900,False,True
54408362,0.02597000,438.70000000,11.39303900,1680312672900,False,True
54408363,0.02597000,10078.80000000,261.74643600,1680312672900,False,True
54408364,0.02596000,8368.00000000,217.23328000,1680312673955,False,True
54408365,0.02596000,7259.00000000,188.44364000,1680312673955,False,True
54408366,0.02596000,7867.00000000,204.22732000,1680312673955,False,True
54408367,0.02596000,16077.00000000,417.35892000,1680312673955,False,True
54408368,0.02596000,391.50000000,10.16334000,1680312673955,False,True
54408369,0.02596000,7253.50000000,188.30086000,1680312675001,False,True
54408370,0.02596000,7861.00000000,204.07156000,1680312675001,False,True
54408371,0.02596000,9564.00000000,248.28144000,1680312675001,False,True
54408372,0.02596000,7654.00000000,198.69784000,1680312675001,False,True
54408373,0.02596000,7358.00000000,191.01368000,1680312675001,False,True
54408374,0.02596000,272.00000000,7.06112000,1680312675001,False,True
54408375,0.02596000,7561.00000000,196.28356000,1680312676047,False,True
54408376,0.02596000,733.40000000,19.03906400,1680312676047,False,True
54408377,0.02598000,419.70000000,10.90380600,1680312676047,False,True
54408378,0.02598000,2128.60000000,55.30102800,1680312676047,False,True
54408379,0.02598000,72.50000000,1.88355000,1680312676047,False,True
54408380,0.02596000,4275.80000000,110.99976800,1680312705598,True,True
54408381,0.02596000,3622.40000000,94.03750400,1680312705614,True,True
54408382,0.02595000,7898.20000000,204.95829000,1680312705670,True,True
54408383,0.02594000,2369.00000000,61.45186000,1680312705693,True,True
54408384,0.02594000,1488.00000000,38.59872000,1680312705695,True,True
54408385,0.02594000,881.00000000,22.85314000,1680312705695,True,True
54408386,0.02594000,2369.00000000,61.45186000,1680312705696,True,True
54408387,0.02594000,791.20000000,20.52372800,1680312705696,True,True
54408388,0.02594000,1577.80000000,40.92813200,1680312705696,True,True
54408389,0.02594000,2369.00000000,61.45186000,1680312705696,True,True
54408390,0.02594000,2369.00000000,61.45186000,1680312705706,True,True
54408391,0.02594000,2369.00000000,61.45186000,1680312705718,True,True
54408392,0.02594000,2369.00000000,61.45186000,1680312705832,True,True
54408393,0.02596000,11000.00000000,285.56000000,1680312799513,False,True
54408394,0.02596000,2251.80000000,58.45672800,1680312799513,False,True
54408395,0.02596000,8448.00000000,219.31008000,1680312800566,False,True
54408396,0.02598000,1064.50000000,27.65571000,1680312886175,False,True
54408397,0.02598000,11547.30000000,299.99885400,1680312886175,False,True
54408398,0.02598000,6058.10000000,157.38943800,1680312886175,False,True
54408399,0.02598000,706.50000000,18.35487000,1680312886183,False,True
54408400,0.02598000,772.10000000,20.05915800,1680312886183,False,True
54408401,0.02599000,2083.00000000,54.13717000,1680312903068,False,True
54408402,0.02600000,2420.40000000,62.93040000,1680312903068,False,True
54408403,0.02600000,3100.50000000,80.61300000,1680312904113,False,True
54408404,0.02598000,2238.10000000,58.14583800,1680312923065,True,True
54408405,0.02598000,916.50000000,23.81067000,1680312977644,True,True
54408406,0.02598000,974.60000000,25.32010800,1680312979848,True,True
54408407,0.02598000,4419.80000000,114.82640400,1680313007460,False,True
54408408,0.02598000,404.30000000,10.50371400,1680313008529,False,True
54408409,0.02599000,2637.60000000,68.55122400,1680313008529,False,True
54408410,0.02599000,5248.40000000,136.40591600,1680313117574,False,True
54408411,0.02599000,2640.70000000,68.63179300,1680313117574,False,True
54408412,0.02599000,6757.70000000,175.63262300,1680313117574,False,True
54408413,0.02599000,9357.10000000,243.19102900,1680313118613,False,True
54408414,0.02598000,2143.20000000,55.68033600,1680313202363,False,True
54408415,0.02598000,1241.20000000,32.24637600,1680313203423,False,True
54408416,0.02596000,7889.10000000,204.80103600,1680313214101,True,True
54408417,0.02596000,2110.90000000,54.79896400,1680313214101,True,True
54408418,0.02596000,8889.10000000,230.76103600,1680313214106,True,True
54408419,0.02598000,10000.00000000,259.80000000,1680313269140,True,True
54408420,0.02598000,1178.30000000,30.61223400,1680313269249,True,True
54408421,0.02598000,5687.10000000,147.75085800,1680313269264,True,True
54408422,0.02598000,1026.70000000,26.67366600,1680313269364,True,True
54408423,0.02598000,601.20000000,15.61917600,1680313269364,True,True
54408424,0.02598000,4250.10000000,110.41759800,1680313269734,True,True
54408425,0.02598000,499.70000000,12.98220600,1680313313051,True,True
54408426,0.02598000,1508.30000000,39.18563400,1680313314937,True,True
54408427,0.02598000,2900.80000000,75.36278400,1680313314937,True,True
54408428,0.02599000,1312.10000000,34.10147900,1680313334104,False,True
54408429,0.02599000,3479.60000000,90.43480400,1680313334104,False,True
54408430,0.02599000,3067.80000000,79.73212200,1680313335175,False,True
54408431,0.02597000,7892.10000000,204.95783700,1680313356383,True,True
54408432,0.02597000,3855.70000000,100.13252900,1680313356383,True,True
54408433,0.02597000,11000.00000000,285.67000000,1680313356383,True,True
54408434,0.02597000,4130.40000000,107.26648800,1680313359135,False,True
54408435,0.02597000,3328.40000000,86.43854800,1680313359136,False,True
54408436,0.02598000,425.40000000,11.05189200,1680313364254,False,True
54408437,0.02598000,7856.40000000,204.10927200,1680313364274,False,True
54408438,0.02598000,3328.40000000,86.47183200,1680313390707,True,True
54408439,0.02598000,1671.60000000,43.42816800,1680313390708,True,True
54408440,0.02599000,500.80000000,13.01579200,1680313441709,False,True
54408441,0.02598000,2619.30000000,68.04941400,1680313476092,True,True
54408442,0.02598000,1233.50000000,32.04633000,1680313476097,True,True
54408443,0.02597000,587.40000000,15.25477800,1680313518330,True,True
54408444,0.02599000,2535.00000000,65.88465000,1680313582536,False,True
54408445,0.02597000,5953.00000000,154.59941000,1680313601646,True,True
54408446,0.02599000,902.00000000,23.44298000,1680313678681,False,True
54408447,0.02599000,8281.80000000,215.24398200,1680313678681,False,True
54408448,0.02600000,8640.70000000,224.65820000,1680313715676,False,True
54408449,0.02600000,4151.90000000,107.94940000,1680313715677,False,True
54408450,0.02600000,12508.30000000,325.21580000,1680313715680,False,True
54408451,0.02600000,1618.30000000,42.07580000,1680313715680,False,True
54408452,0.02600000,12819.20000000,333.29920000,1680313715680,False,True
54408453,0.02600000,82783.20000000,2152.36320000,1680313715680,False,True
54408454,0.02600000,76787.40000000,1996.47240000,1680313715681,False,True
54408455,0.02600000,15881.20000000,412.91120000,1680313715681,False,True
54408456,0.02600000,12999.30000000,337.98180000,1680313715684,False,True
54408457,0.02601000,4532.50000000,117.89032500,1680313722174,False,True
54408458,0.02601000,1257.20000000,32.69977200,1680313722791,True,True
54408459,0.02602000,10374.10000000,269.93408200,1680313731772,False,True
54408460,0.02602000,793.50000000,20.64687000,1680313731772,False,True
54408461,0.02602000,4098.60000000,106.64557200,1680313731772,False,True
54408462,0.02602000,1021.00000000,26.56642000,1680313731772,False,True
54408463,0.02602000,8274.00000000,215.28948000,1680313732413,True,True
54408464,0.02602000,2032.00000000,52.87264000,1680313732413,True,True
54408465,0.02602000,10000.00000000,260.20000000,1680313853027,False,True
54408466,0.02601000,7346.00000000,191.06946000,1680313858024,True,True
54408467,0.02601000,928.00000000,24.13728000,1680313858306,True,True
54408468,0.02601000,7172.00000000,186.54372000,1680313858306,True,True
54408469,0.02601000,3828.00000000,99.56628000,1680313858407,True,True
54408470,0.02601000,1387.00000000,36.07587000,1680313858407,True,True
54408471,0.02601000,465.50000000,12.10765500,1680313868274,True,True
54408472,0.02601000,1836.00000000,47.75436000,1680313875273,True,True
54408473,0.02602000,11660.40000000,303.40360800,1680313922078,False,True
54408474,0.02602000,4076.60000000,106.07313200,1680313944041,True,True
54408475,0.02602000,12000.40000000,312.25040800,1680313944042,True,True
54408476,0.02602000,7590.00000000,197.49180000,1680313944042,True,True
54408477,0.02602000,8956.00000000,233.03512000,1680313944042,True,True
54408478,0.02602000,5272.60000000,137.19305200,1680313944042,True,True
54408479,0.02602000,4361.00000000,113.47322000,1680313950650,False,True
54408480,0.02602000,3909.80000000,101.73299600,1680313950657,False,True
54408481,0.02602000,4214.60000000,109.66389200,1680313955812,True,True
54408482,0.02602000,3909.80000000,101.73299600,1680313955883,True,True
54408483,0.02603000,842.90000000,21.94068700,1680313956518,False,True
54408484,0.02603000,1556.30000000,40.51048900,1680313956518,False,True
54408485,0.02603000,1357.40000000,35.33312200,1680313956658,True,True
54408486,0.02603000,536.20000000,13.95728600,1680313956943,True,True
54408487,0.02603000,145.70000000,3.79257100,1680313956943,True,True
54408488,0.02604000,422.30000000,10.99669200,1680313970004,False,True
54408489,0.02604000,1119.30000000,29.14657200,1680313989688,False,True
54408490,0.02604000,1337.70000000,34.83370800,1680313989688,False,True
54408491,0.02604000,3842.90000000,100.06911600,1680313989773,True,True
54408492,0.02604000,3842.90000000,100.06911600,1680313989981,True,True
54408493,0.02604000,3842.90000000,100.06911600,1680313990041,True,True
54408494,0.02604000,3842.00000000,100.04568000,1680313990062,True,True
54408495,0.02604000,35238.40000000,917.60793600,1680313990376,True,True
54408496,0.02605000,3020.00000000,78.67100000,1680314000184,False,True
54408497,0.02605000,470.10000000,12.24610500,1680314000184,False,True
54408498,0.02605000,2136.00000000,55.64280000,1680314000417,True,True
54408499,0.02605000,1495.00000000,38.94475000,1680314014094,True,True
54408500,0.02605000,19521.50000000,508.53507500,1680314026513,False,True
54408501,0.02605000,768.50000000,20.01942500,1680314084150,False,True
54408502,0.02605000,18669.90000000,486.35089500,1680314091165,False,True
54408503,0.02605000,3252.60000000,84.73023000,1680314091166,False,True
54408504,0.02605000,16952.70000000,441.61783500,1680314099037,False,True
54408505,0.02605000,16245.30000000,423.19006500,1680314099037,False,True
54408506,0.02605000,499.00000000,12.99895000,1680314099037,False,True
54408507,0.02605000,3921.00000000,102.14205000,1680314099041,True,True
54408508,0.02605000,515.30000000,13.42356500,1680314099041,True,True
54408509,0.02605000,1760.00000000,45.84800000,1680314119989,False,True
54408510,0.02605000,4436.30000000,115.56561500,1680314149095,False,True
54408511,0.02605000,6186.80000000,161.16614000,1680314154738,True,True
54408512,0.02605000,29197.40000000,760.59227000,1680314154738,True,True
54408513,0.02605000,8956.00000000,233.30380000,1680314154738,True,True
54408514,0.02605000,5659.80000000,147.43779000,1680314154738,True,True
54408515,0.02605000,1930.20000000,50.28171000,1680314154750,True,True
54408516,0.02605000,6710.50000000,174.80852500,1680314154750,True,True
54408517,0.02605000,943.50000000,24.57817500,1680314154752,True,True
54408518,0.02605000,3492.80000000,90.98744000,1680314154752,True,True
54408519,0.02605000,4152.20000000,108.16481000,1680314154753,True,True
54408520,0.02605000,7358.00000000,191.67590000,1680314154753,True,True
54408521,0.02605000,7785.00000000,202.79925000,1680314154753,True,True
54408522,0.02605000,7833.00000000,204.04965000,1680314154753,True,True
54408523,0.02605000,4413.70000000,114.97688500,1680314186035,False,True
54408524,0.02605000,3844.40000000,100.14662000,1680314222137,False,True
54408525,0.02605000,2875.00000000,74.89375000,1680314222137,False,True
54408526,0.02605000,9565.60000000,249.18388000,1680314225765,True,True
54408527,0.02605000,7645.00000000,199.15225000,1680314225765,True,True
54408528,0.02605000,7833.00000000,204.04965000,1680314225765,True,True
54408529,0.02604000,584.30000000,15.21517200,1680314225765,True,True
54408530,0.02605000,767.70000000,19.99858500,1680314230724,True,True
54408531,0.02606000,945.40000000,24.63712400,1680314232865,False,True
54408532,0.02606000,8261.30000000,215.28947800,1680314232865,False,True
54408533,0.02606000,2258.40000000,58.85390400,1680314233025,True,True
54408534,0.02606000,391.30000000,10.19727800,1680314234974,True,True
54408535,0.02606000,5608.40000000,146.15490400,1680314248134,True,True
54408536,0.02606000,7654.00000000,199.46324000,1680314248134,True,True
54408537,0.02606000,7358.00000000,191.74948000,1680314248134,True,True
54408538,0.02606000,9565.60000000,249.27953600,1680314248134,True,True
54408539,0.02606000,8424.00000000,219.52944000,1680314248134,True,True
54408540,0.02606000,8254.80000000,215.12008800,1680314255218,True,True
54408541,0.02606000,11000.00000000,286.66000000,1680314255218,True,True
54408542,0.02606000,10208.60000000,266.03611600,1680314255218,True,True
54408543,0.02606000,1151.10000000,29.99766600,1680314259338,True,True
54408544,0.02607000,538.90000000,14.04912300,1680314265274,False,True
54408545,0.02607000,7892.10000000,205.74704700,1680314265274,False,True
54408546,0.02607000,10248.40000000,267.17578800,1680314265274,False,True
54408547,0.02607000,203.60000000,5.30785200,1680314265274,False,True
54408548,0.02607000,964.10000000,25.13408700,1680314267511,True,True
54408549,0.02607000,1166.80000000,30.41847600,1680314267834,True,True
54408550,0.02608000,438.70000000,11.44129600,1680314279127,False,True
54408551,0.02608000,2211.40000000,57.67331200,1680314279127,False,True
54408552,0.02608000,2153.40000000,56.16067200,1680314279218,False,True
54408553,0.02608000,4307.50000000,112.33960000,1680314280182,False,True
54408554,0.02608000,1161.80000000,30.29974400,1680314280182,False,True
54408555,0.02608000,763.10000000,19.90164800,1680314281006,True,True
54408556,0.02609000,574.90000000,14.99914100,1680314281674,False,True
54408557,0.02608000,1535.70000000,40.05105600,1680314282993,True,True
54408558,0.02608000,5369.90000000,140.04699200,1680314303907,True,True
54408559,0.02608000,11000.00000000,286.88000000,1680314303907,True,True
54408560,0.02608000,958.50000000,24.99768000,1680314312722,False,True
54408561,0.02607000,8872.80000000,231.31389600,1680314314566,True,True
54408562,0.02607000,13826.00000000,360.44382000,1680314314566,True,True
54408563,0.02605000,9565.00000000,249.16825000,1680314314567,True,True
54408564,0.02605000,435.00000000,11.33175000,1680314314567,True,True
54408565,0.02606000,8251.80000000,215.04190800,1680314343614,True,True
54408566,0.02606000,8254.80000000,215.12008800,1680314368043,False,True
54408567,0.02607000,717.90000000,18.71565300,1680314402734,False,True
54408568,0.02608000,1824.40000000,47.58035200,1680314432715,True,True
54408569,0.02608000,6433.70000000,167.79089600,1680314432718,True,True
54408570,0.02607000,618.00000000,16.11126000,1680314432882,False,True
54408571,0.02607000,7630.60000000,198.92974200,1680314436780,False,True
54408572,0.02607000,16673.70000000,434.68335900,1680314443566,True,True
54408573,0.02607000,567.40000000,14.79211800,1680314443566,True,True
54408574,0.02607000,4413.70000000,115.06515900,1680314443567,True,True
54408575,0.02607000,2690.50000000,70.14133500,1680314443570,True,True
54408576,0.02607000,6116.20000000,159.44933400,1680314443570,True,True
54408577,0.02607000,8256.30000000,215.24174100,1680314443571,True,True
54408578,0.02606000,1541.80000000,40.17930800,1680314458008,True,True
54408579,0.02608000,663.40000000,17.30147200,1680314464139,False,True
54408580,0.02609000,195.90000000,5.11103100,1680314483687,False,True
54408581,0.02609000,4893.50000000,127.67141500,1680314483687,False,True
54408582,0.02609000,3386.80000000,88.36161200,1680314483687,False,True
54408583,0.02609000,599.70000000,15.64617300,1680314483687,False,True
54408584,0.02609000,4795.80000000,125.12242200,1680314483688,False,True
54408585,0.02609000,19553.80000000,510.15864200,1680314483690,False,True
54408586,0.02610000,761.90000000,19.88559000,1680314484229,False,True
54408587,0.02610000,3603.60000000,94.05396000,1680314484229,False,True
54408588,0.02610000,8264.30000000,215.69823000,1680314484229,False,True
54408589,0.02610000,162989.60000000,4254.02856000,1680314484229,False,True
54408590,0.02610000,31487.20000000,821.81592000,1680314484230,False,True
54408591,0.02611000,718.50000000,18.76003500,1680314484375,False,True
54408592,0.02611000,1893.70000000,49.44450700,1680314484375,False,True
54408593,0.02611000,7414.80000000,193.60042800,1680314484375,False,True
54408594,0.02611000,859.20000000,22.43371200,1680314484547,False,True
54408595,0.02612000,464.70000000,12.13796400,1680314484547,False,True
54408596,0.02612000,500.00000000,13.06000000,1680314484547,False,True
54408597,0.02612000,963.30000000,25.16139600,1680314484547,False,True
54408598,0.02612000,586.80000000,15.32721600,1680314484547,False,True
54408599,0.02611000,3835.00000000,100.13185000,1680314484680,False,True
54408600,0.02610000,1091.00000000,28.47510000,1680314485055,True,True
54408601,0.02611000,582.60000000,15.21168600,1680314485611,True,True
54408602,0.02612000,7687.20000000,200.78966400,1680314486146,False,True
54408603,0.02612000,11000.00000000,287.32000000,1680314486146,False,True
54408604,0.02612000,557.30000000,14.55667600,1680314486146,False,True
54408605,0.02613000,2116.30000000,55.29891900,1680314486784,False,True
54408606,0.02613000,1536.20000000,40.14090600,1680314486784,False,True
54408607,0.02613000,29381.10000000,767.72814300,1680314486784,False,True
54408608,0.02613000,2033.60000000,53.13796800,1680314486784,False,True
54408609,0.02613000,11000.00000000,287.43000000,1680314486784,False,True
54408610,0.02613000,3830.60000000,100.09357800,1680314486784,False,True
54408611,0.02613000,10000.00000000,261.30000000,1680314486784,False,True
54408612,0.02613000,2020.30000000,52.79043900,1680314486791,False,True
54408613,0.02613000,9836.00000000,257.01468000,1680314489894,False,True
54408614,0.02612000,8240.70000000,215.24708400,1680314490312,True,True
54408615,0.02612000,7656.90000000,199.99822800,1680314492392,False,True
54408616,0.02612000,4426.00000000,115.60712000,1680314492392,False,True
54408617,0.02613000,8236.00000000,215.20668000,1680314494311,True,True
54408618,0.02612000,7861.00000000,205.32932000,1680314505950,True,True
54408619,0.02611000,2703.70000000,70.59360700,1680314509039,True,True
54408620,0.02612000,8239.10000000,215.20529200,1680314517882,True,True
54408621,0.02612000,11000.00000000,287.32000000,1680314517882,True,True
54408622,0.02612000,3828.50000000,100.00042000,1680314521575,False,True
54408623,0.02613000,539.40000000,14.09452200,1680314525604,False,True
54408624,0.02613000,1913.50000000,49.99975500,1680314525604,False,True
54408625,0.02613000,2835.00000000,74.07855000,1680314525604,False,True
54408626,0.02613000,6236.60000000,162.96235800,1680314527329,True,True
54408627,0.02614000,793.50000000,20.74209000,1680314530810,False,True
54408628,0.02614000,1137.00000000,29.72118000,1680314530810,False,True
54408629,0.02614000,2855.00000000,74.62970000,1680314530810,False,True
54408630,0.02614000,4021.20000000,105.11416800,1680314530810,False,True
54408631,0.02614000,4436.30000000,115.96488200,1680314530811,False,True
54408632,0.02614000,2542.50000000,66.46095000,1680314530812,False,True
54408633,0.02614000,5184.80000000,135.53067200,1680314531419,True,True
54408634,0.02614000,3048.00000000,79.67472000,1680314531480,True,True
54408635,0.02614000,1100.20000000,28.75922800,1680314531480,True,True
54408636,0.02614000,507.70000000,13.27127800,1680314533093,True,True
54408637,0.02614000,391.40000000,10.23119600,1680314533108,True,True
54408638,0.02615000,1618.30000000,42.31854500,1680314548356,False,True
54408639,0.02615000,10029.00000000,262.25835000,1680314548356,False,True
54408640,0.02615000,971.00000000,25.39165000,1680314548358,False,True
54408641,0.02615000,4391.30000000,114.83249500,1680314548358,False,True
54408642,0.02615000,3865.90000000,101.09328500,1680314548358,False,True
54408643,0.02615000,4148.20000000,108.47543000,1680314548392,False,True
54408644,0.02615000,5250.00000000,137.28750000,1680314548918,True,True
54408645,0.02616000,5500.00000000,143.88000000,1680314549431,True,True
54408646,0.02616000,5500.00000000,143.88000000,1680314549432,True,True
54408647,0.02616000,5500.00000000,143.88000000,1680314549434,True,True
54408648,0.02616000,5500.00000000,143.88000000,1680314549438,True,True
54408649,0.02616000,4436.30000000,116.05360800,1680314549444,True,True
54408650,0.02614000,738.20000000,19.29654800,1680314550456,True,True
54408651,0.02616000,4234.80000000,110.78236800,1680314555620,False,True
54408652,0.02616000,959.10000000,25.09005600,1680314555919,True,True
54408653,0.02616000,2785.10000000,72.85821600,1680314565502,False,True
54408654,0.02616000,1037.50000000,27.14100000,1680314565502,False,True
54408655,0.02615000,8790.10000000,229.86111500,1680314570999,True,True
54408656,0.02616000,1339.90000000,35.05178400,1680314580715,True,True
54408657,0.02616000,581.40000000,15.20942400,1680314582379,True,True
54408658,0.02616000,582.60000000,15.24081600,1680314582399,True,True
54408659,0.02616000,446.60000000,11.68305600,1680314582399,True,True
54408660,0.02616000,4366.70000000,114.23287200,1680314583502,True,True
54408661,0.02616000,4234.80000000,110.78236800,1680314583625,True,True
54408662,0.02617000,701.90000000,18.36872300,1680314587883,False,True
54408663,0.02617000,425.90000000,11.14580300,1680314587883,False,True
54408664,0.02617000,8228.10000000,215.32937700,1680314587883,False,True
54408665,0.02617000,11000.00000000,287.87000000,1680314587883,False,True
54408666,0.02618000,438.70000000,11.48516600,1680314587883,False,True
54408667,0.02618000,409.60000000,10.72332800,1680314587883,False,True
54408668,0.02618000,411.00000000,10.75998000,1680314587883,False,True
54408669,0.02618000,6162.30000000,161.32901400,1680314587883,False,True
54408670,0.02618000,463.60000000,12.13704800,1680314587883,False,True
54408671,0.02618000,11723.30000000,306.91599400,1680314587883,False,True
54408672,0.02618000,10999.90000000,287.97738200,1680314587883,False,True
54408673,0.02618000,0.10000000,0.00261800,1680314587883,False,True
54408674,0.02619000,409.60000000,10.72742400,1680314587883,False,True
54408675,0.02619000,408.40000000,10.69599600,1680314587883,False,True
54408676,0.02619000,940.70000000,24.63693300,1680314587883,False,True
54408677,0.02619000,1343.90000000,35.19674100,1680314587883,False,True
54408678,0.02619000,8236.00000000,215.70084000,1680314587883,False,True
54408679,0.02619000,11000.00000000,288.09000000,1680314587883,False,True
54408680,0.02620000,1000.00000000,26.20000000,1680314587883,False,True
54408681,0.02620000,626.90000000,16.42478000,1680314587883,False,True
54408682,0.02620000,11000.00000000,288.20000000,1680314587883,False,True
54408683,0.02620000,3613.80000000,94.68156000,1680314587883,False,True
54408684,0.02620000,3150.80000000,82.55096000,1680314587885,False,True
54408685,0.02620000,13223.60000000,346.45832000,1680314587885,False,True
54408686,0.02620000,36308.00000000,951.26960000,1680314587885,False,True
54408687,0.02620000,644.90000000,16.89638000,1680314587887,True,True
54408688,0.02616000,449.00000000,11.74584000,1680314587892,True,True
54408689,0.02616000,195.00000000,5.10120000,1680314587892,True,True
54408690,0.02619000,4012.10000000,105.07689900,1680314587893,False,True
54408691,0.02620000,644.90000000,16.89638000,1680314587893,False,True
54408692,0.02621000,3020.00000000,79.15420000,1680314587893,False,True
54408693,0.02621000,409.50000000,10.73299500,1680314587893,False,True
54408694,0.02621000,383.80000000,10.05939800,1680314587893,False,True
54408695,0.02621000,8236.00000000,215.86556000,1680314587893,False,True
54408696,0.02621000,1890.10000000,49.53952100,1680314587893,False,True
54408697,0.02621000,1403.60000000,36.78835600,1680314587893,False,True
54408698,0.02620000,644.90000000,16.89638000,1680314587896,False,True
54408699,0.02621000,281.10000000,7.36763100,1680314587896,False,True
54408700,0.02621000,2806.00000000,73.54526000,1680314587896,False,True
54408701,0.02621000,765.00000000,20.05065000,1680314587897,False,True
54408702,0.02621000,841.00000000,22.04261000,1680314587897,False,True
54408703,0.02621000,765.00000000,20.05065000,1680314587897,False,True
54408704,0.02621000,459.00000000,12.03039000,1680314587898,False,True
54408705,0.02621000,765.00000000,20.05065000,1680314587899,False,True
54408706,0.02621000,765.00000000,20.05065000,1680314587900,False,True
54408707,0.02621000,2149.30000000,56.33315300,1680314587905,False,True
54408708,0.02621000,656.70000000,17.21210700,1680314587905,False,True
54408709,0.02618000,4671.90000000,122.31034200,1680314587905,True,True
54408710,0.02620000,644.90000000,16.89638000,1680314587966,False,True
54408711,0.02620000,1355.10000000,35.50362000,1680314587966,False,True
54408712,0.02620000,644.90000000,16.89638000,1680314587979,False,True
54408713,0.02620000,644.90000000,16.89638000,1680314587979,False,True
54408714,0.02621000,710.20000000,18.61434200,1680314587979,False,True
54408715,0.02622000,5360.00000000,140.53920000,1680314588014,False,True
54408716,0.02621000,4221.90000000,110.65599900,1680314588016,True,True
54408717,0.02621000,4001.40000000,104.87669400,1680314588019,True,True
54408718,0.02621000,4111.60000000,107.76503600,1680314588021,True,True
54408719,0.02621000,4111.60000000,107.76503600,1680314588022,True,True
54408720,0.02621000,2776.80000000,72.77992800,1680314588031,True,True
54408721,0.02621000,1334.80000000,34.98510800,1680314588031,True,True
54408722,0.02621000,2887.10000000,75.67089100,1680314588034,True,True
54408723,0.02621000,1224.50000000,32.09414500,1680314588034,True,True
54408724,0.02622000,2482.70000000,65.09639400,1680314588089,False,True
54408725,0.02622000,7017.30000000,183.99360600,1680314588089,False,True
54408726,0.02622000,627.70000000,16.45829400,1680314588134,False,True
54408727,0.02622000,2482.70000000,65.09639400,1680314588134,False,True
54408728,0.02622000,2482.70000000,65.09639400,1680314588134,False,True
54408729,0.02622000,2482.70000000,65.09639400,1680314588134,False,True
54408730,0.02622000,2482.70000000,65.09639400,1680314588134,False,True
54408731,0.02622000,2482.70000000,65.09639400,1680314588134,False,True
54408732,0.02622000,2482.70000000,65.09639400,1680314588134,False,True
54408733,0.02622000,2482.70000000,65.09639400,1680314588134,False,True
54408734,0.02622000,2482.70000000,65.09639400,1680314588134,False,True
54408735,0.02622000,2482.00000000,65.07804000,1680314588134,False,True
54408736,0.02623000,2913.00000000,76.40799000,1680314588134,False,True
54408737,0.02623000,971.00000000,25.46933000,1680314588134,False,True
54408738,0.02623000,3639.00000000,95.45097000,1680314588134,False,True
54408739,0.02623000,15425.80000000,404.61873400,1680314588154,False,True
54408740,0.02622000,6087.70000000,159.61949400,1680314588312,True,True
54408741,0.02622000,3998.30000000,104.83542600,1680314588318,True,True
54408742,0.02623000,7350.00000000,192.79050000,1680314588325,False,True
54408743,0.02624000,1000.60000000,26.25574400,1680314588325,False,True
54408744,0.02624000,7625.40000000,200.09049600,1680314588349,False,True
54408745,0.02622000,914.00000000,23.96508000,1680314588376,True,True
54408746,0.02622000,10086.00000000,264.45492000,1680314588376,True,True
54408747,0.02623000,644.90000000,16.91572700,1680314588567,False,True
54408748,0.02623000,4436.30000000,116.36414900,1680314588567,False,True
54408749,0.02623000,18669.90000000,489.71147700,1680314588571,False,True
54408750,0.02622000,8583.90000000,225.06985800,1680314588602,True,True
54408751,0.02622000,189.30000000,4.96344600,1680314588602,True,True
54408752,0.02623000,8223.30000000,215.69715900,1680314588669,True,True
54408753,0.02623000,7683.60000000,201.54082800,1680314589030,True,True
54408754,0.02623000,519.40000000,13.62386200,1680314589123,True,True
54408755,0.02622000,1865.20000000,48.90554400,1680314589133,True,True
54408756,0.02622000,8540.80000000,223.93977600,1680314589139,True,True
54408757,0.02622000,404.70000000,10.61123400,1680314589141,True,True
54408758,0.02621000,11000.00000000,288.31000000,1680314590120,True,True
54408759,0.02619000,723.80000000,18.95632200,1680314591132,True,True
54408760,0.02619000,393.30000000,10.30052700,1680314591728,True,True
54408761,0.02620000,2282.00000000,59.78840000,1680314591985,True,True
54408762,0.02620000,580.60000000,15.21172000,1680314596670,True,True
54408763,0.02620000,2883.00000000,75.53460000,1680314600387,True,True
54408764,0.02619000,3614.20000000,94.65589800,1680314603256,True,True
54408765,0.02620000,1183.20000000,30.99984000,1680314604204,False,True
54408766,0.02620000,437.30000000,11.45726000,1680314607007,False,True
54408767,0.02619000,581.00000000,15.21639000,1680314609510,True,True
54408768,0.02620000,573.20000000,15.01784000,1680314609991,False,True
54408769,0.02619000,579.90000000,15.18758100,1680314634284,True,True
54408770,0.02619000,579.00000000,15.16401000,1680314634439,True,True
54408771,0.02620000,3273.50000000,85.76570000,1680314665209,False,True
54408772,0.02621000,8203.00000000,215.00063000,1680314665209,False,True
54408773,0.02621000,17064.00000000,447.24744000,1680314665209,False,True
54408774,0.02620000,1644.40000000,43.08328000,1680314678861,True,True
54408775,0.02621000,10000.00000000,262.10000000,1680314689192,False,True
54408776,0.02621000,296.00000000,7.75816000,1680314689192,False,True
54408777,0.02621000,14043.20000000,368.07227200,1680314700534,False,True
54408778,0.02622000,8203.00000000,215.08266000,1680314700534,False,True
54408779,0.02622000,15450.50000000,405.11211000,1680314700534,False,True
54408780,0.02622000,11000.00000000,288.42000000,1680314700534,False,True
54408781,0.02622000,24599.50000000,644.99889000,1680314700534,False,True
54408782,0.02622000,2986.80000000,78.31389600,1680314700534,False,True
54408783,0.02621000,4031.60000000,105.66823600,1680314700598,True,True
54408784,0.02622000,11000.00000000,288.42000000,1680314703882,False,True
54408785,0.02622000,7861.00000000,206.11542000,1680314703882,False,True
54408786,0.02622000,7867.00000000,206.27274000,1680314703882,False,True
54408787,0.02622000,9564.00000000,250.76808000,1680314703882,False,True
54408788,0.02622000,7230.00000000,189.57060000,1680314703882,False,True
54408789,0.02622000,7590.00000000,199.00980000,1680314703882,False,True
54408790,0.02622000,7654.00000000,200.68788000,1680314703882,False,True
54408791,0.02622000,2338.00000000,61.30236000,1680314703882,False,True
54408792,0.02621000,4179.20000000,109.53683200,1680314705963,True,True
54408793,0.02621000,4031.60000000,105.66823600,1680314705963,True,True
54408794,0.02620000,1554.00000000,40.71480000,1680314717742,True,True
54408795,0.02621000,763.10000000,20.00085100,1680314732400,True,True
54408796,0.02621000,7755.00000000,203.25855000,1680314732400,True,True
54408797,0.02620000,1487.40000000,38.96988000,1680314732400,True,True
54408798,0.02620000,3528.20000000,92.43884000,1680314739596,True,True
54408799,0.02620000,1289.40000000,33.78228000,1680314739596,True,True
54408800,0.02621000,8207.70000000,215.12381700,1680314748330,False,True
54408801,0.02621000,662.90000000,17.37460900,1680314748379,True,True
54408802,0.02621000,1902.70000000,49.86976700,1680314754754,True,True
54408803,0.02619000,3899.30000000,102.12266700,1680314765278,True,True
54408804,0.02620000,3641.10000000,95.39682000,1680314766150,False,True
54408805,0.02618000,580.10000000,15.18701800,1680314770603,True,True
54408806,0.02619000,8207.70000000,214.95966300,1680314771247,False,True
54408807,0.02619000,7741.90000000,202.76036100,1680314771247,False,True
54408808,0.02619000,4076.40000000,106.76091600,1680314771247,False,True
54408809,0.02619000,4207.70000000,110.19966300,1680314782254,False,True
54408810,0.02619000,2103.50000000,55.09066500,1680314782258,False,True
54408811,0.02620000,1909.10000000,50.01842000,1680314804550,True,True
54408812,0.02620000,419.70000000,10.99614000,1680314810774,False,True
54408813,0.02619000,780.30000000,20.43605700,1680314870008,True,True
54408814,0.02618000,8533.60000000,223.40964800,1680314897272,False,True
54408815,0.02618000,5116.40000000,133.94735200,1680314897273,False,True
54408816,0.02618000,33672.40000000,881.54343200,1680314897307,False,True
54408817,0.02618000,46740.70000000,1223.67152600,1680314899080,False,True
54408818,0.02618000,7639.40000000,199.99949200,1680314939136,True,True
54408819,0.02618000,11000.00000000,287.98000000,1680314939136,True,True
54408820,0.02618000,11918.20000000,312.01847600,1680314939136,True,True
54408821,0.02617000,2207.60000000,57.77289200,1680314953640,False,True
54408822,0.02616000,11000.00000000,287.76000000,1680314955230,True,True
54408823,0.02616000,8438.50000000,220.75116000,1680314955230,True,True
54408824,0.02616000,852.40000000,22.29878400,1680314955261,False,True
54408825,0.02616000,5001.60000000,130.84185600,1680314956624,False,True
54408826,0.02616000,1974.10000000,51.64245600,1680314956624,False,True
54408827,0.02616000,3900.00000000,102.02400000,1680314956624,False,True
54408828,0.02616000,7161.30000000,187.33960800,1680314956624,False,True
54408829,0.02615000,8228.10000000,215.16481500,1680314962530,True,True
54408830,0.02615000,3823.30000000,99.97929500,1680314962530,True,True
54408831,0.02615000,11000.00000000,287.65000000,1680314962530,True,True
54408832,0.02615000,5224.60000000,136.62329000,1680314962530,True,True
54408833,0.02615000,956.80000000,25.02032000,1680314963547,False,True
54408834,0.02615000,956.60000000,25.01509000,1680314963575,False,True
54408835,0.02614000,2852.40000000,74.56173600,1680314963655,True,True
54408836,0.02614000,8217.00000000,214.79238000,1680314969757,True,True
54408837,0.02614000,26186.50000000,684.51511000,1680314973930,False,True
54408838,0.02614000,0.10000000,0.00261400,1680314973937,False,True
54408839,0.02614000,520.40000000,13.60325600,1680314974708,True,True
54408840,0.02615000,8229.70000000,215.20665500,1680314994588,False,True
54408841,0.02616000,3823.30000000,100.01752800,1680314994588,False,True
54408842,0.02616000,7766.00000000,203.15856000,1680314994588,False,True
54408843,0.02615000,4207.70000000,110.03135500,1680314995899,True,True
54408844,0.02615000,8229.70000000,215.20665500,1680315003113,True,True
54408845,0.02614000,7767.50000000,203.04245000,1680315022462,True,True
54408846,0.02612000,839.80000000,21.93557600,1680315026658,True,True
54408847,0.02612000,1207.50000000,31.53990000,1680315027399,True,True
54408848,0.02613000,8229.70000000,215.04206100,1680315033514,False,True
54408849,0.02613000,9875.30000000,258.04158900,1680315046121,True,True
54408850,0.02613000,7667.00000000,200.33871000,1680315046132,False,True
54408851,0.02612000,1813.60000000,47.37123200,1680315067547,True,True
54408852,0.02612000,4375.10000000,114.27761200,1680315092730,True,True
54408853,0.02612000,11000.00000000,287.32000000,1680315092730,True,True
54408854,0.02612000,3827.70000000,99.97952400,1680315092730,True,True
54408855,0.02612000,4572.00000000,119.42064000,1680315092730,True,True
54408856,0.02612000,3018.00000000,78.83016000,1680315096753,True,True
54408857,0.02612000,5494.70000000,143.52156400,1680315096753,True,True
54408858,0.02612000,5990.70000000,156.47708400,1680315096754,True,True
54408859,0.02611000,16591.90000000,433.21450900,1680315100101,True,True
54408860,0.02610000,8243.80000000,215.16318000,1680315103934,True,True
54408861,0.02610000,11000.00000000,287.10000000,1680315103934,True,True
54408862,0.02610000,7645.00000000,199.53450000,1680315103934,True,True
54408863,0.02610000,7654.00000000,199.76940000,1680315103934,True,True
54408864,0.02609000,1643.70000000,42.88413300,1680315113753,True,True
54408865,0.02609000,8505.90000000,221.91893100,1680315136854,False,True
54408866,0.02609000,4436.30000000,115.74306700,1680315136858,False,True
54408867,0.02609000,4305.60000000,112.33310400,1680315136865,False,True
54408868,0.02609000,0.10000000,0.00260900,1680315136880,False,True
54408869,0.02609000,8242.20000000,215.03899800,1680315136880,False,True
54408870,0.02609000,0.10000000,0.00260900,1680315136925,False,True
54408871,0.02609000,3426.90000000,89.40782100,1680315136925,False,True
54408872,0.02609000,457.60000000,11.93878400,1680315141218,True,True
54408873,0.02610000,8242.30000000,215.12403000,1680315154376,False,True
54408874,0.02611000,8234.30000000,214.99757300,1680315186204,False,True
54408875,0.02611000,2298.50000000,60.01383500,1680315186204,False,True
54408876,0.02610000,64041.00000000,1671.47010000,1680315187910,True,True
54408877,0.02610000,9340.30000000,243.78183000,1680315187913,True,True
54408878,0.02610000,3833.60000000,100.05696000,1680315187913,True,True
54408879,0.02610000,8242.30000000,215.12403000,1680315187918,True,True
54408880,0.02610000,3833.60000000,100.05696000,1680315187918,True,True
54408881,0.02610000,4813.70000000,125.63757000,1680315187965,False,True
54408882,0.02609000,767.00000000,20.01103000,1680315190966,True,True
54408883,0.02609000,6987.00000000,182.29083000,1680315191612,True,True
54408884,0.02610000,7757.20000000,202.46292000,1680315191646,False,True
54408885,0.02610000,7662.80000000,199.99908000,1680315191646,False,True
54408886,0.02610000,2125.80000000,55.48338000,1680315191646,False,True
54408887,0.02608000,7962.70000000,207.66721600,1680315202991,True,True
54408888,0.02608000,438.70000000,11.44129600,1680315202991,True,True
54408889,0.02607000,8232.80000000,214.62909600,1680315202991,True,True
54408890,0.02607000,411.20000000,10.71998400,1680315202991,True,True
54408891,0.02607000,9205.90000000,239.99781300,1680315202991,True,True
54408892,0.02607000,12784.80000000,333.29973600,1680315202991,True,True
54408893,0.02606000,963.90000000,25.11923400,1680315202991,True,True
54408894,0.02606000,5752.40000000,149.90754400,1680315202991,True,True
54408895,0.02606000,6764.60000000,176.28547600,1680315202991,True,True
54408896,0.02606000,5755.90000000,149.99875400,1680315202991,True,True
54408897,0.02606000,1877.90000000,48.93807400,1680315202991,True,True
54408898,0.02606000,8248.60000000,214.95851600,1680315203072,False,True
54408899,0.02606000,2533.40000000,66.02040400,1680315203072,False,True
54408900,0.02606000,706.40000000,18.40878400,1680315204472,True,True
54408901,0.02606000,1122.80000000,29.26016800,1680315204527,True,True
54408902,0.02606000,2793.20000000,72.79079200,1680315204527,True,True
54408903,0.02607000,767.90000000,20.01915300,1680315211401,False,True
54408904,0.02605000,5877.70000000,153.11408500,1680315220337,True,True
54408905,0.02605000,2169.20000000,56.50766000,1680315229514,True,True
54408906,0.02605000,2175.70000000,56.67698500,1680315230598,True,True
54408907,0.02605000,2169.60000000,56.51808000,1680315231670,True,True
54408908,0.02607000,767.90000000,20.01915300,1680315233767,False,True
54408909,0.02605000,3054.80000000,79.57754000,1680315251614,True,True
54408910,0.02605000,1285.10000000,33.47685500,1680315251614,True,True
54408911,0.02605000,1734.90000000,45.19414500,1680315251772,True,True
54408912,0.02605000,411.30000000,10.71436500,1680315251772,True,True
54408913,0.02605000,410.10000000,10.68310500,1680315251772,True,True
54408914,0.02604000,8240.70000000,214.58782800,1680315251775,True,True
54408915,0.02604000,411.30000000,10.71025200,1680315251775,True,True
54408916,0.02604000,412.70000000,10.74670800,1680315251775,True,True
54408917,0.02604000,2333.60000000,60.76694400,1680315251775,True,True
54408918,0.02605000,8258.10000000,215.12350500,1680315260922,False,True
54408919,0.02605000,3841.70000000,100.07628500,1680315260922,False,True
54408920,0.02605000,16308.70000000,424.84163500,1680315260922,False,True
54408921,0.02605000,65655.50000000,1710.32577500,1680315277314,True,True
54408922,0.02604000,6142.50000000,159.95070000,1680315279040,True,True
54408923,0.02604000,857.70000000,22.33450800,1680315281206,False,True
54408924,0.02604000,768.80000000,20.01955200,1680315285671,False,True
54408925,0.02605000,5580.10000000,145.36160500,1680315311543,False,True
54408926,0.02605000,18669.90000000,486.35089500,1680315311546,False,True
