55328201,0.02067000,13128.60000000,271.36816200,1685577642862,True,True
55328202,0.02066000,2923.30000000,60.39537800,1685577644613,True,True
55328203,0.02066000,2173.90000000,44.91277400,1685577644613,True,True
55328204,0.02066000,711.50000000,14.69959000,1685577644613,True,True
55328205,0.02066000,2054.50000000,42.44597000,1685577644613,True,True
55328206,0.02066000,2420.10000000,49.99926600,1685577644613,True,True
55328207,0.02066000,2420.10000000,49.99926600,1685577644613,True,True
55328208,0.02066000,2420.10000000,49.99926600,1685577644613,True,True
55328209,0.02065000,511.20000000,10.55628000,1685577660930,True,True
55328210,0.02064000,1921.30000000,39.65563200,1685577676276,True,True
55328211,0.02065000,2175.00000000,44.91375000,1685577713580,False,True
55328212,0.02066000,2177.00000000,44.97682000,1685577782631,False,True
55328213,0.02064000,4934.20000000,101.84188800,1685577864815,True,True
55328214,0.02065000,633.10000000,13.07351500,1685577906534,False,True
55328215,0.02064000,2422.50000000,50.00040000,1685577967212,True,True
55328216,0.02064000,2422.50000000,50.00040000,1685577967212,True,True
55328217,0.02064000,2422.50000000,50.00040000,1685577967212,True,True
55328218,0.02064000,29062.70000000,599.85412800,1685577967212,True,True
55328219,0.02063000,2178.00000000,44.93214000,1685577967239,True,True
55328220,0.02063000,14541.90000000,299.99939700,1685577967239,True,True
55328221,0.02063000,8807.60000000,181.70078800,1685577967239,True,True
55328222,0.02063000,16156.00000000,333.29828000,1685577967239,True,True
55328223,0.02063000,5836.80000000,120.41318400,1685577967239,True,True
55328224,0.02063000,1859.20000000,38.35529600,1685577967239,True,True
55328225,0.02063000,2125.80000000,43.85525400,1685577967239,True,True
55328226,0.02063000,11521.90000000,237.69679700,1685577967264,True,True
55328227,0.02062000,1213.60000000,25.02443200,1685577987261,True,True
55328228,0.02062000,6320.70000000,130.33283400,1685577987391,False,True
55328229,0.02062000,12022.70000000,247.90807400,1685577987391,False,True
55328230,0.02062000,18672.80000000,385.03313600,1685577987391,False,True
55328231,0.02062000,2999.80000000,61.85587600,1685577987391,False,True
55328232,0.02062000,8433.70000000,173.90289400,1685577987410,False,True
55328233,0.02061000,793.50000000,16.35403500,1685578024226,True,True
55328234,0.02061000,8807.60000000,181.52463600,1685578024226,True,True
55328235,0.02061000,4670.90000000,96.26724900,1685578024226,True,True
55328236,0.02061000,2179.20000000,44.91331200,1685578094163,False,True
55328237,0.02061000,14406.10000000,296.90972100,1685578094163,False,True
55328238,0.02062000,8807.60000000,181.61271200,1685578094163,False,True
55328239,0.02062000,6320.70000000,130.33283400,1685578094163,False,True
55328240,0.02062000,6320.70000000,130.33283400,1685578094163,False,True
55328241,0.02062000,2252.10000000,46.43830200,1685578094163,False,True
55328242,0.02062000,6274.10000000,129.37194200,1685578103329,False,True
55328243,0.02062000,2118.20000000,43.67728400,1685578118612,False,True
55328244,0.02062000,2172.20000000,44.79076400,1685578118612,False,True
55328245,0.02062000,14698.00000000,303.07276000,1685578118612,False,True
55328246,0.02062000,743.70000000,15.33509400,1685578118612,False,True
55328247,0.02062000,8807.60000000,181.61271200,1685578118612,False,True
55328248,0.02062000,13040.30000000,268.89098600,1685578118612,False,True
55328249,0.02062000,15482.40000000,319.24708800,1685578118612,False,True
55328250,0.02062000,14234.70000000,293.51951400,1685578118612,False,True
55328251,0.02063000,8807.60000000,181.70078800,1685578118612,False,True
55328252,0.02063000,10980.60000000,226.52977800,1685578118612,False,True
55328253,0.02063000,23266.90000000,479.99614700,1685578118612,False,True
55328254,0.02063000,24329.90000000,501.92583700,1685578118612,False,True
55328255,0.02064000,11317.90000000,233.60145600,1685578118612,False,True
55328256,0.02062000,1100.00000000,22.68200000,1685578139967,True,True
55328257,0.02063000,2179.20000000,44.95689600,1685578171498,False,True
55328258,0.02063000,640.20000000,13.20732600,1685578171498,False,True
55328259,0.02064000,39.30000000,0.81115200,1685578171498,False,True
55328260,0.02064000,700.60000000,14.46038400,1685578171498,False,True
55328261,0.02064000,963.80000000,19.89283200,1685578218962,False,True
55328262,0.02064000,1215.40000000,25.08585600,1685578218963,False,True
55328263,0.02065000,1211.60000000,25.01954000,1685578252068,False,True
55328264,0.02065000,581.30000000,12.00384500,1685578252068,False,True
55328265,0.02065000,5620.10000000,116.05506500,1685578252068,False,True
55328266,0.02066000,1650.40000000,34.09726400,1685578252068,False,True
55328267,0.02066000,1209.90000000,24.99653400,1685578252068,False,True
55328268,0.02066000,4552.70000000,94.05878200,1685578252068,False,True
55328269,0.02066000,5776.30000000,119.33835800,1685578252071,False,True
55328270,0.02066000,425.10000000,8.78256600,1685578252071,False,True
55328271,0.02066000,6201.40000000,128.12092400,1685578252071,False,True
55328272,0.02066000,2181.10000000,45.06152600,1685578252072,False,True
55328273,0.02066000,4020.30000000,83.05939800,1685578252072,False,True
55328274,0.02066000,5667.30000000,117.08641800,1685578252744,False,True
55328275,0.02066000,653.40000000,13.49924400,1685578252744,False,True
55328276,0.02066000,6320.70000000,130.58566200,1685578252748,False,True
55328277,0.02066000,1795.70000000,37.09916200,1685578253002,True,True
55328278,0.02067000,2177.00000000,44.99859000,1685578254498,True,True
55328279,0.02067000,1179.40000000,24.37819800,1685578254498,True,True
55328280,0.02068000,9687.60000000,200.33956800,1685578254967,False,True
55328281,0.02068000,14506.70000000,299.99855600,1685578254967,False,True
55328282,0.02068000,135.60000000,2.80420800,1685578254967,False,True
55328283,0.02068000,5849.00000000,120.95732000,1685578255236,False,True
55328284,0.02068000,3393.00000000,70.16724000,1685578256289,False,True
55328285,0.02069000,1193.10000000,24.68523900,1685578265031,False,True
55328286,0.02070000,793.50000000,16.42545000,1685578267484,False,True
55328287,0.02071000,492.20000000,10.19346200,1685578271196,False,True
55328288,0.02072000,511.20000000,10.59206400,1685578272108,False,True
55328289,0.02072000,1741.80000000,36.09009600,1685578272108,False,True
55328290,0.02073000,8807.60000000,182.58154800,1685578272165,False,True
55328291,0.02073000,16078.10000000,333.29901300,1685578272165,False,True
55328292,0.02073000,13034.70000000,270.20933100,1685578272165,False,True
55328293,0.02073000,2100.00000000,43.53300000,1685578272326,True,True
55328294,0.02073000,7004.10000000,145.19499300,1685578273794,True,True
55328295,0.02073000,6610.30000000,137.03151900,1685578273794,True,True
55328296,0.02073000,1285.70000000,26.65256100,1685578273862,True,True
55328297,0.02073000,1193.10000000,24.73296300,1685578274807,True,True
55328298,0.02074000,2173.90000000,45.08668600,1685578277392,True,True
55328299,0.02073000,2173.90000000,45.06494700,1685578282123,True,True
55328300,0.02072000,2173.90000000,45.04320800,1685578290741,True,True
55328301,0.02072000,10561.00000000,218.82392000,1685578290741,True,True
55328302,0.02072000,2690.60000000,55.74923200,1685578290741,True,True
55328303,0.02072000,2168.70000000,44.93546400,1685578351274,False,True
55328304,0.02072000,4152.00000000,86.02944000,1685578351861,True,True
55328305,0.02072000,2173.90000000,45.04320800,1685578351861,True,True
55328306,0.02072000,1764.50000000,36.56044000,1685578351861,True,True
55328307,0.02072000,8807.60000000,182.49347200,1685578351861,True,True
55328308,0.02071000,2173.90000000,45.02146900,1685578351861,True,True
55328309,0.02071000,8807.60000000,182.40539600,1685578351861,True,True
55328310,0.02071000,14644.60000000,303.28966600,1685578351861,True,True
55328311,0.02070000,2173.90000000,44.99973000,1685578351861,True,True
55328312,0.02070000,8807.60000000,182.31732000,1685578351861,True,True
55328313,0.02070000,16101.40000000,333.29898000,1685578351861,True,True
55328314,0.02070000,9687.60000000,200.53332000,1685578351861,True,True
55328315,0.02070000,14644.00000000,303.13080000,1685578351861,True,True
55328316,0.02070000,1854.00000000,38.37780000,1685578351861,True,True
55328317,0.02070000,3407.10000000,70.52697000,1685578351861,True,True
55328318,0.02072000,6320.70000000,130.96490400,1685578351874,False,True
55328319,0.02072000,4761.40000000,98.65620800,1685578351874,False,True
55328320,0.02071000,743.70000000,15.40202700,1685578352122,True,True
55328321,0.02071000,743.70000000,15.40202700,1685578352122,True,True
55328322,0.02071000,9242.00000000,191.40182000,1685578352122,True,True
55328323,0.02071000,1659.60000000,34.37031600,1685578352122,True,True
55328324,0.02071000,4661.10000000,96.53138100,1685578352334,True,True
55328325,0.02071000,31014.00000000,642.29994000,1685578352334,True,True
55328326,0.02071000,1593.60000000,33.00345600,1685578352334,True,True
55328327,0.02071000,1800.30000000,37.28421300,1685578352955,True,True
55328328,0.02072000,2168.70000000,44.93546400,1685578361542,False,True
55328329,0.02073000,2167.50000000,44.93227500,1685578365618,False,True
55328330,0.02073000,1024.50000000,21.23788500,1685578365618,False,True
55328331,0.02073000,2168.70000000,44.95715100,1685578407401,False,True
55328332,0.02073000,6320.70000000,131.02811100,1685578407401,False,True
55328333,0.02073000,4421.70000000,91.66184100,1685578407401,False,True
55328334,0.02073000,6320.70000000,131.02811100,1685578407401,False,True
55328335,0.02074000,1205.20000000,24.99584800,1685578407401,False,True
55328336,0.02074000,8807.60000000,182.66962400,1685578407401,False,True
55328337,0.02074000,24329.90000000,504.60212600,1685578407401,False,True
55328338,0.02074000,14303.70000000,296.65873800,1685578407401,False,True
55328339,0.02074000,3717.90000000,77.10924600,1685578407404,True,True
55328340,0.02074000,12278.20000000,254.64986800,1685578407405,True,True
55328341,0.02074000,4830.70000000,100.18871800,1685578407408,True,True
55328342,0.02074000,6201.40000000,128.61703600,1685578407409,True,True
55328343,0.02074000,1487.40000000,30.84867600,1685578409481,True,True
55328344,0.02074000,743.70000000,15.42433800,1685578409486,True,True
55328345,0.02074000,10000.00000000,207.40000000,1685578417769,False,True
55328346,0.02074000,1205.20000000,24.99584800,1685578417769,False,True
55328347,0.02075000,2173.90000000,45.10842500,1685578417769,False,True
55328348,0.02075000,14644.20000000,303.86715000,1685578417769,False,True
55328349,0.02075000,7925.70000000,164.45827500,1685578417769,False,True
55328350,0.02075000,6320.70000000,131.15452500,1685578417769,False,True
55328351,0.02075000,6320.70000000,131.15452500,1685578417769,False,True
55328352,0.02075000,30000.00000000,622.50000000,1685578417769,False,True
55328353,0.02075000,56136.30000000,1164.82822500,1685578417772,True,True
55328354,0.02075000,589.10000000,12.22382500,1685578427906,False,True
55328355,0.02075000,7925.70000000,164.45827500,1685578427906,False,True
55328356,0.02075000,1311.90000000,27.22192500,1685578427906,False,True
55328357,0.02075000,565.00000000,11.72375000,1685578427906,False,True
55328358,0.02076000,9687.60000000,201.11457600,1685578427906,False,True
55328359,0.02076000,16054.90000000,333.29972400,1685578427906,False,True
55328360,0.02076000,7925.70000000,164.53753200,1685578427906,False,True
55328361,0.02076000,144201.30000000,2993.61898800,1685578427993,True,True
55328362,0.02076000,27905.70000000,579.32233200,1685578427996,True,True
55328363,0.02076000,46376.30000000,962.77198800,1685578427996,True,True
55328364,0.02075000,521.10000000,10.81282500,1685578438234,True,True
55328365,0.02075000,600.50000000,12.46037500,1685578438397,True,True
55328366,0.02075000,800.60000000,16.61245000,1685578440791,True,True
55328367,0.02076000,6320.70000000,131.21773200,1685578447219,False,True
55328368,0.02076000,3679.30000000,76.38226800,1685578447223,False,True
55328369,0.02076000,2641.40000000,54.83546400,1685578447223,False,True
55328370,0.02076000,3717.90000000,77.18360400,1685578447223,False,True
55328371,0.02076000,1566.40000000,32.51846400,1685578447748,False,True
55328372,0.02076000,1263.90000000,26.23856400,1685578447748,False,True
55328373,0.02076000,1833.60000000,38.06553600,1685578447748,False,True
55328374,0.02076000,1656.80000000,34.39516800,1685578447755,True,True
55328375,0.02076000,1656.80000000,34.39516800,1685578447761,True,True
55328376,0.02076000,4663.90000000,96.82256400,1685578447881,True,True
55328377,0.02076000,2165.50000000,44.95578000,1685578447881,True,True
55328378,0.02076000,6320.70000000,131.21773200,1685578447881,True,True
55328379,0.02076000,24329.90000000,505.08872400,1685578447881,True,True
55328380,0.02076000,743.70000000,15.43921200,1685578447881,True,True
55328381,0.02075000,245.30000000,5.08997500,1685578465646,True,True
55328382,0.02075000,1204.60000000,24.99545000,1685578465646,True,True
55328383,0.02075000,1204.60000000,24.99545000,1685578465646,True,True
55328384,0.02074000,2167.50000000,44.95395000,1685578479718,True,True
55328385,0.02074000,11613.80000000,240.87021200,1685578479718,True,True
55328386,0.02074000,9756.60000000,202.35188400,1685578479718,True,True
55328387,0.02074000,3371.10000000,69.91661400,1685578479718,True,True
55328388,0.02074000,2166.50000000,44.93321000,1685578516031,False,True
55328389,0.02074000,2167.50000000,44.95395000,1685578547974,False,True
55328390,0.02075000,243.30000000,5.04847500,1685578547974,False,True
55328391,0.02075000,1683.40000000,34.93055000,1685578610029,False,True
55328392,0.02075000,1205.20000000,25.00790000,1685578610029,False,True
55328393,0.02076000,2063.40000000,42.83618400,1685578617777,True,True
55328394,0.02075000,7399.10000000,153.53132500,1685578617777,True,True
55328395,0.02075000,572.60000000,11.88145000,1685578620133,True,True
55328396,0.02076000,2061.40000000,42.79466400,1685578632112,True,True
55328397,0.02075000,2063.40000000,42.81555000,1685578641783,True,True
55328398,0.02075000,950.80000000,19.72910000,1685578646734,False,True
55328399,0.02075000,1111.60000000,23.06570000,1685578646794,False,True
55328400,0.02076000,2061.40000000,42.79466400,1685578651625,False,True
55328401,0.02076000,7925.70000000,164.53753200,1685578651625,False,True
55328402,0.02077000,1205.70000000,25.04238900,1685578651625,False,True
55328403,0.02077000,7925.70000000,164.61678900,1685578651625,False,True
55328404,0.02077000,1867.30000000,38.78382100,1685578651625,False,True
55328405,0.02077000,6320.70000000,131.28093900,1685578651625,False,True
55328406,0.02077000,28894.70000000,600.14291900,1685578651625,False,True
55328407,0.02077000,12594.80000000,261.59399600,1685578651625,False,True
55328408,0.02077000,5812.80000000,120.73185600,1685578651625,False,True
55328409,0.02077000,23741.30000000,493.10680100,1685578651625,False,True
55328410,0.02076000,1204.60000000,25.00749600,1685578656543,True,True
55328411,0.02076000,1204.00000000,24.99504000,1685578656543,True,True
55328412,0.02075000,1205.20000000,25.00790000,1685578656572,True,True
55328413,0.02075000,1034.80000000,21.47210000,1685578656572,True,True
55328414,0.02075000,2240.00000000,46.48000000,1685578656574,True,True
55328415,0.02076000,2061.40000000,42.79466400,1685578682602,False,True
55328416,0.02076000,6320.70000000,131.21773200,1685578682602,False,True
55328417,0.02076000,6320.70000000,131.21773200,1685578682602,False,True
55328418,0.02076000,5679.10000000,117.89811600,1685578682602,False,True
55328419,0.02075000,1204.60000000,24.99545000,1685578737277,True,True
55328420,0.02075000,1204.60000000,24.99545000,1685578737277,True,True
55328421,0.02074000,2167.50000000,44.95395000,1685578737281,True,True
55328422,0.02074000,2303.50000000,47.77459000,1685578737281,True,True
55328423,0.02074000,7925.70000000,164.37901800,1685578750356,True,True
55328424,0.02074000,22074.30000000,457.82098200,1685578750356,True,True
55328425,0.02074000,6848.30000000,142.03374200,1685578750359,True,True
55328426,0.02073000,2156.10000000,44.69595300,1685578750361,True,True
55328427,0.02073000,1791.90000000,37.14608700,1685578750361,True,True
55328428,0.02073000,3697.00000000,76.63881000,1685578750367,True,True
55328429,0.02074000,6320.70000000,131.09131800,1685578756141,False,True
55328430,0.02074000,3321.00000000,68.87754000,1685578756144,False,True
55328431,0.02074000,2062.40000000,42.77417600,1685578756144,False,True
55328432,0.02073000,2061.40000000,42.73282200,1685578805569,False,True
55328433,0.02073000,3.00000000,0.06219000,1685578805572,False,True
55328434,0.02073000,999.30000000,20.71548900,1685578856571,True,True
55328435,0.02074000,2064.40000000,42.81565600,1685578868563,False,True
55328436,0.02075000,2062.40000000,42.79480000,1685578879952,False,True
55328437,0.02076000,1345.50000000,27.93258000,1685578881874,False,True
55328438,0.02076000,9687.60000000,201.11457600,1685578881874,False,True
55328439,0.02076000,9242.00000000,191.86392000,1685578881874,False,True
55328440,0.02076000,2063.40000000,42.83618400,1685578885389,True,True
55328441,0.02076000,1540.90000000,31.98908400,1685578990418,False,True
55328442,0.02076000,18992.60000000,394.28637600,1685578990418,False,True
55328443,0.02075000,1240.30000000,25.73622500,1685579056858,True,True
55328444,0.02075000,1204.60000000,24.99545000,1685579056858,True,True
55328445,0.02075000,7925.70000000,164.45827500,1685579056858,True,True
55328446,0.02074000,1240.30000000,25.72382200,1685579056915,True,True
55328447,0.02074000,7925.70000000,164.37901800,1685579056915,True,True
55328448,0.02074000,834.00000000,17.29716000,1685579056915,True,True
55328449,0.02074000,370.60000000,7.68624400,1685579056962,True,True
55328450,0.02074000,12595.20000000,261.22444800,1685579056962,True,True
55328451,0.02074000,9645.50000000,200.04767000,1685579056962,True,True
55328452,0.02074000,614.80000000,12.75095200,1685579056962,True,True
55328453,0.02074000,9148.30000000,189.73574200,1685579056962,True,True
55328454,0.02074000,3391.10000000,70.33141400,1685579056962,True,True
55328455,0.02074000,5941.70000000,123.23085800,1685579056997,True,True
55328456,0.02074000,2408.00000000,49.94192000,1685579057174,True,True
55328457,0.02074000,2062.90000000,42.78454600,1685579066734,False,True
55328458,0.02074000,3369.50000000,69.88343000,1685579066734,False,True
55328459,0.02074000,87070.40000000,1805.84009600,1685579066740,False,True
55328460,0.02074000,87070.40000000,1805.84009600,1685579066743,False,True
55328461,0.02074000,47054.90000000,975.91862600,1685579066744,False,True
55328462,0.02075000,7925.70000000,164.45827500,1685579066744,False,True
55328463,0.02075000,2064.40000000,42.83630000,1685579066747,False,True
55328464,0.02075000,2064.40000000,42.83630000,1685579145648,True,True
55328465,0.02074000,6320.70000000,131.09131800,1685579159242,True,True
55328466,0.02074000,7925.70000000,164.37901800,1685579159242,True,True
55328467,0.02074000,18634.90000000,386.48782600,1685579159242,True,True
55328468,0.02074000,6627.60000000,137.45642400,1685579159242,True,True
55328469,0.02073000,207.10000000,4.29318300,1685579166861,True,True
55328470,0.02073000,1205.20000000,24.98379600,1685579166861,True,True
55328471,0.02073000,2064.40000000,42.79501200,1685579185093,False,True
55328472,0.02073000,997.40000000,20.67610200,1685579310100,True,True
55328473,0.02074000,2062.40000000,42.77417600,1685579327622,False,True
55328474,0.02075000,2062.40000000,42.79480000,1685579327653,False,True
55328475,0.02075000,11444.30000000,237.46922500,1685579378799,False,True
55328476,0.02075000,6320.70000000,131.15452500,1685579378799,False,True
55328477,0.02075000,6320.70000000,131.15452500,1685579378799,False,True
55328478,0.02076000,7925.70000000,164.53753200,1685579378799,False,True
55328479,0.02076000,2062.40000000,42.81542400,1685579378799,False,True
55328480,0.02076000,1880.80000000,39.04540800,1685579378799,False,True
55328481,0.02076000,10098.10000000,209.63655600,1685579378799,False,True
55328482,0.02076000,9242.00000000,191.86392000,1685579378799,False,True
55328483,0.02076000,1880.80000000,39.04540800,1685579378799,False,True
55328484,0.02076000,1880.80000000,39.04540800,1685579378799,False,True
55328485,0.02076000,1880.80000000,39.04540800,1685579378799,False,True
55328486,0.02076000,1880.80000000,39.04540800,1685579378799,False,True
55328487,0.02076000,1880.80000000,39.04540800,1685579378799,False,True
55328488,0.02076000,1880.80000000,39.04540800,1685579378799,False,True
55328489,0.02076000,1880.80000000,39.04540800,1685579378799,False,True
55328490,0.02076000,1880.80000000,39.04540800,1685579378799,False,True
55328491,0.02076000,1880.50000000,39.03918000,1685579378799,False,True
55328492,0.02077000,1204.60000000,25.01954200,1685579378799,False,True
55328493,0.02077000,1204.00000000,25.00708000,1685579378799,False,True
55328494,0.02077000,7925.70000000,164.61678900,1685579378799,False,True
55328495,0.02077000,12024.10000000,249.74055700,1685579378799,False,True
55328496,0.02077000,6033.60000000,125.31787200,1685579378799,False,True
55328497,0.02078000,481.30000000,10.00141400,1685579378799,False,True
55328498,0.02078000,2173.90000000,45.17364200,1685579378799,False,True
55328499,0.02078000,7925.70000000,164.69604600,1685579378799,False,True
55328500,0.02078000,6177.60000000,128.37052800,1685579378799,False,True
55328501,0.02078000,9645.50000000,200.43349000,1685579378799,False,True
55328502,0.02078000,12023.90000000,249.85664200,1685579378799,False,True
55328503,0.02078000,1899.80000000,39.47784400,1685579378799,False,True
55328504,0.02078000,2372.00000000,49.29016000,1685579378799,False,True
55328505,0.02076000,6320.70000000,131.21773200,1685579378812,False,True
55328506,0.02076000,2437.30000000,50.59834800,1685579378812,False,True
55328507,0.02076000,5250.00000000,108.99000000,1685579378812,False,True
55328508,0.02076000,1070.70000000,22.22773200,1685579378812,False,True
55328509,0.02076000,6320.70000000,131.21773200,1685579378812,False,True
55328510,0.02076000,1013.50000000,21.04026000,1685579378812,False,True
55328511,0.02076000,601.00000000,12.47676000,1685579378890,True,True
55328512,0.02076000,3713.10000000,77.08395600,1685579400454,True,True
55328513,0.02076000,4212.60000000,87.45357600,1685579400458,True,True
55328514,0.02076000,2063.40000000,42.83618400,1685579400458,True,True
55328515,0.02077000,2061.40000000,42.81527800,1685579411647,True,True
55328516,0.02077000,4931.50000000,102.42725500,1685579426681,False,True
55328517,0.02077000,875.40000000,18.18205800,1685579427053,False,True
55328518,0.02077000,595.00000000,12.35815000,1685579427053,False,True
55328519,0.02078000,1425.00000000,29.61150000,1685579427053,False,True
55328520,0.02077000,2061.40000000,42.81527800,1685579427102,True,True
55328521,0.02076000,2061.40000000,42.79466400,1685579428296,True,True
55328522,0.02076000,1656.60000000,34.39101600,1685579428296,True,True
55328523,0.02076000,2060.90000000,42.78428400,1685579428309,True,True
55328524,0.02075000,2063.40000000,42.81555000,1685579428309,True,True
55328525,0.02075000,2157.70000000,44.77227500,1685579428309,True,True
55328526,0.02075000,6958.00000000,144.37850000,1685579428323,True,True
55328527,0.02076000,9636.70000000,200.05789200,1685579431745,False,True
55328528,0.02076000,2061.40000000,42.79466400,1685579431745,False,True
55328529,0.02076000,58301.90000000,1210.34744400,1685579436109,True,True
55328530,0.02075000,4785.00000000,99.28875000,1685579441235,True,True
55328531,0.02075000,2347.90000000,48.71892500,1685579441237,True,True
55328532,0.02075000,1927.10000000,39.98732500,1685579441237,True,True
55328533,0.02075000,135.30000000,2.80747500,1685579441244,True,True
55328534,0.02074000,2064.40000000,42.81565600,1685579441244,True,True
55328535,0.02074000,2585.30000000,53.61912200,1685579441244,True,True
55328536,0.02074000,576.80000000,11.96283200,1685579445060,True,True
55328537,0.02073000,1834.00000000,38.01882000,1685579445060,True,True
55328538,0.02073000,1834.00000000,38.01882000,1685579454653,True,True
55328539,0.02072000,2064.40000000,42.77436800,1685579462513,False,True
55328540,0.02072000,4256.30000000,88.19053600,1685579462513,False,True
55328541,0.02072000,4985.70000000,103.30370400,1685579462516,False,True
55328542,0.02072000,1335.00000000,27.66120000,1685579462516,False,True
55328543,0.02072000,7066.50000000,146.41788000,1685579462519,False,True
55328544,0.02072000,7066.50000000,146.41788000,1685579462519,False,True
55328545,0.02072000,4532.00000000,93.90304000,1685579462519,False,True
55328546,0.02072000,5587.90000000,115.78128800,1685579469342,True,True
55328547,0.02071000,16093.60000000,333.29845600,1685579473247,True,True
55328548,0.02071000,1736.60000000,35.96498600,1685579473247,True,True
55328549,0.02071000,4020.50000000,83.26455500,1685579473259,True,True
55328550,0.02070000,12024.60000000,248.90922000,1685579473506,True,True
55328551,0.02070000,2295.40000000,47.51478000,1685579473506,True,True
55328552,0.02070000,2066.40000000,42.77448000,1685579479882,False,True
55328553,0.02070000,9241.90000000,191.30733000,1685579479882,False,True
55328554,0.02070000,0.10000000,0.00207000,1685579479887,False,True
55328555,0.02070000,529.70000000,10.96479000,1685579498813,True,True
55328556,0.02070000,541.70000000,11.21319000,1685579503937,True,True
55328557,0.02069000,2173.90000000,44.97799100,1685579507784,True,True
55328558,0.02069000,2120.10000000,43.86486900,1685579507784,True,True
55328559,0.02069000,5012.80000000,103.71483200,1685579523523,True,True
55328560,0.02069000,10796.60000000,223.38165400,1685579523523,True,True
55328561,0.02069000,2953.80000000,61.11412200,1685579523523,True,True
55328562,0.02069000,4283.00000000,88.61527000,1685579523523,True,True
55328563,0.02069000,2067.90000000,42.78485100,1685579540761,False,True
55328564,0.02070000,1208.10000000,25.00767000,1685579590611,True,True
55328565,0.02070000,2067.40000000,42.79518000,1685579610707,False,True
55328566,0.02070000,5000.90000000,103.51863000,1685579610707,False,True
55328567,0.02070000,4241.10000000,87.79077000,1685579610707,False,True
55328568,0.02070000,1337.40000000,27.68418000,1685579614544,True,True
55328569,0.02069000,1208.70000000,25.00800300,1685579638420,True,True
55328570,0.02069000,1976.10000000,40.88550900,1685579652665,False,True
55328571,0.02068000,2173.90000000,44.95625200,1685579707644,True,True
55328572,0.02068000,7132.90000000,147.50837200,1685579707644,True,True
55328573,0.02068000,12915.60000000,267.09460800,1685579707644,True,True
55328574,0.02065000,2178.00000000,44.97570000,1685579730085,True,True
55328575,0.02065000,511.20000000,10.55628000,1685579730085,True,True
55328576,0.02065000,6144.80000000,126.89012000,1685579730085,True,True
55328577,0.02065000,2067.90000000,42.70213500,1685579734378,True,True
55328578,0.02065000,5065.00000000,104.59225000,1685579734557,True,True
55328579,0.02064000,6320.70000000,130.45924800,1685579735867,True,True
55328580,0.02065000,785.50000000,16.22057500,1685579785871,False,True
55328581,0.02065000,45.70000000,0.94370500,1685579785871,False,True
55328582,0.02065000,6807.60000000,140.57694000,1685579786701,True,True
55328583,0.02065000,4084.70000000,84.34905500,1685579786701,True,True
55328584,0.02066000,6320.70000000,130.58566200,1685579792311,False,True
55328585,0.02066000,3324.80000000,68.69036800,1685579792313,False,True
55328586,0.02065000,3329.60000000,68.75624000,1685579868926,True,True
55328587,0.02065000,6355.60000000,131.24314000,1685579868927,True,True
55328588,0.02061000,793.50000000,16.35403500,1685579884206,True,True
55328589,0.02061000,4305.50000000,88.73635500,1685579884206,True,True
55328590,0.02061000,1409.90000000,29.05803900,1685579886096,False,True
55328591,0.02061000,7832.10000000,161.41958100,1685579887458,False,True
55328592,0.02061000,2072.40000000,42.71216400,1685579887458,False,True
55328593,0.02061000,7132.90000000,147.00906900,1685579913964,False,True
55328594,0.02062000,1891.20000000,38.99654400,1685579942057,False,True
55328595,0.02063000,2072.40000000,42.75361200,1685579943401,False,True
55328596,0.02064000,7132.90000000,147.22305600,1685579943423,False,True
55328597,0.02064000,4930.10000000,101.75726400,1685579943423,False,True
55328598,0.02065000,2075.40000000,42.85701000,1685579946385,True,True
55328599,0.02065000,1337.40000000,27.61731000,1685579964714,False,True
55328600,0.02065000,354.80000000,7.32662000,1685579964717,False,True
55328601,0.02065000,1210.50000000,24.99682500,1685579964717,False,True
55328602,0.02065000,80.20000000,1.65613000,1685579964717,False,True
55328603,0.02065000,1130.80000000,23.35102000,1685579964717,False,True
55328604,0.02067000,2072.40000000,42.83650800,1685580044148,False,True
55328605,0.02067000,3.00000000,0.06201000,1685580044148,False,True
55328606,0.02067000,1924.20000000,39.77321400,1685580044151,False,True
55328607,0.02067000,689.70000000,14.25609900,1685580044171,True,True
55328608,0.02067000,2071.40000000,42.81583800,1685580088742,True,True
55328609,0.02066000,2073.40000000,42.83644400,1685580089339,True,True
55328610,0.02066000,7132.90000000,147.36571400,1685580089339,True,True
55328611,0.02066000,698.20000000,14.42481200,1685580089339,True,True
55328612,0.02066000,11231.10000000,232.03452600,1685580089340,True,True
55328613,0.02066000,7959.30000000,164.43913800,1685580089340,True,True
55328614,0.02066000,3529.10000000,72.91120600,1685580089401,True,True
55328615,0.02066000,4561.70000000,94.24472200,1685580089407,True,True
55328616,0.02065000,2073.30000000,42.81364500,1685580109014,True,True
55328617,0.02065000,2072.40000000,42.79506000,1685580109064,False,True
55328618,0.02065000,27.60000000,0.56994000,1685580109064,False,True
55328619,0.02065000,2098.80000000,43.34022000,1685580121926,False,True
55328620,0.02065000,1724.20000000,35.60473000,1685580121926,False,True
55328621,0.02066000,1722.30000000,35.58271800,1685580132338,False,True
55328622,0.02068000,886.20000000,18.32661600,1685580138116,True,True
55328623,0.02068000,910.30000000,18.82500400,1685580138324,True,True
55328624,0.02068000,275.90000000,5.70561200,1685580142965,True,True
55328625,0.02068000,1209.20000000,25.00625600,1685580142965,True,True
55328626,0.02068000,1208.70000000,24.99591600,1685580142965,True,True
55328627,0.02067000,1911.10000000,39.50243700,1685580214428,True,True
55328628,0.02067000,161.30000000,3.33407100,1685580214430,True,True
55328629,0.02066000,2070.40000000,42.77446400,1685580246017,False,True
55328630,0.02066000,1374.70000000,28.40130200,1685580260877,True,True
55328631,0.02065000,826.50000000,17.06722500,1685580264812,True,True
55328632,0.02066000,2072.40000000,42.81578400,1685580313321,False,True
55328633,0.02066000,927.60000000,19.16421600,1685580313321,False,True
55328634,0.02065000,1246.90000000,25.74848500,1685580320276,True,True
55328635,0.02064000,1210.50000000,24.98472000,1685580329871,True,True
55328636,0.02063000,2075.40000000,42.81550200,1685580342532,True,True
55328637,0.02061000,17738.70000000,365.59460700,1685580345176,True,True
55328638,0.02060000,1941.70000000,39.99902000,1685580345395,True,True
55328639,0.02060000,1703.30000000,35.08798000,1685580345395,True,True
55328640,0.02060000,965.70000000,19.89342000,1685580345395,True,True
55328641,0.02060000,6418.40000000,132.21904000,1685580345395,True,True
55328642,0.02060000,6320.70000000,130.20642000,1685580345395,True,True
55328643,0.02060000,4361.50000000,89.84690000,1685580345395,True,True
55328644,0.02059000,2428.40000000,50.00075600,1685580345395,True,True
55328645,0.02059000,5985.60000000,123.24350400,1685580345395,True,True
55328646,0.02059000,2428.40000000,50.00075600,1685580345395,True,True
55328647,0.02059000,6418.40000000,132.15485600,1685580345395,True,True
55328648,0.02059000,92087.50000000,1896.08162500,1685580345395,True,True
55328649,0.02059000,11050.10000000,227.52155900,1685580345395,True,True
55328650,0.02059000,27516.40000000,566.56267600,1685580345395,True,True
55328651,0.02059000,24329.90000000,500.95264100,1685580345395,True,True
55328652,0.02059000,73641.40000000,1516.27642600,1685580345400,False,True
55328653,0.02059000,4361.50000000,89.80328500,1685580345400,False,True
55328654,0.02059000,37218.40000000,766.32685600,1685580345406,False,True
55328655,0.02059000,19129.70000000,393.88052300,1685580345406,False,True
55328656,0.02059000,3670.40000000,75.57353600,1685580345407,False,True
55328657,0.02059000,9920.90000000,204.27133100,1685580345407,False,True
55328658,0.02059000,19752.40000000,406.70191600,1685580345410,False,True
55328659,0.02059000,9156.00000000,188.52204000,1685580345411,False,True
55328660,0.02059000,16340.50000000,336.45089500,1685580345414,False,True
55328661,0.02059000,24284.60000000,500.01991400,1685580345415,False,True
55328662,0.02059000,9262.80000000,190.72105200,1685580345415,False,True
55328663,0.02059000,6752.40000000,139.03191600,1685580345419,False,True
55328664,0.02059000,7689.40000000,158.32474600,1685580345419,False,True
55328665,0.02059000,14206.90000000,292.52007100,1685580345425,False,True
55328666,0.02059000,13147.30000000,270.70290700,1685580345429,False,True
55328667,0.02059000,5686.80000000,117.09121200,1685580345435,False,True
55328668,0.02059000,4242.00000000,87.34278000,1685580345439,False,True
55328669,0.02059000,25138.60000000,517.60377400,1685580347112,False,True
55328670,0.02060000,2074.40000000,42.73264000,1685580375891,False,True
55328671,0.02060000,11761.70000000,242.29102000,1685580375891,False,True
55328672,0.02060000,4043.80000000,83.30228000,1685580375891,False,True
55328673,0.02061000,2072.20000000,42.70804200,1685580422690,False,True
55328674,0.02061000,34065.80000000,702.09613800,1685580426522,True,True
55328675,0.02060000,1212.70000000,24.98162000,1685580426548,True,True
55328676,0.02059000,5600.30000000,115.31017700,1685580426548,True,True
55328677,0.02060000,2077.40000000,42.79444000,1685580430708,False,True
55328678,0.02061000,1730.40000000,35.66354400,1685580446214,True,True
55328679,0.02061000,2076.40000000,42.79460400,1685580456562,False,True
55328680,0.02061000,2340.40000000,48.23564400,1685580456562,False,True
55328681,0.02061000,2750.20000000,56.68162200,1685580456562,False,True
55328682,0.02061000,569.60000000,11.73945600,1685580478559,False,True
55328683,0.02061000,1160.80000000,23.92408800,1685580478559,False,True
55328684,0.02061000,916.60000000,18.89112600,1685580510949,False,True
55328685,0.02062000,2074.40000000,42.77412800,1685580540288,False,True
55328686,0.02062000,916.60000000,18.90029200,1685580571769,True,True
55328687,0.02062000,6320.70000000,130.33283400,1685580571770,True,True
55328688,0.02061000,2077.40000000,42.81521400,1685580587578,True,True
55328689,0.02062000,2077.40000000,42.83598800,1685580652978,False,True
55328690,0.02062000,378.10000000,7.79642200,1685580652980,False,True
55328691,0.02063000,2074.40000000,42.79487200,1685580678052,False,True
55328692,0.02062000,2075.40000000,42.79474800,1685580709548,True,True
55328693,0.02061000,2076.40000000,42.79460400,1685580736350,True,True
55328694,0.02060000,1730.40000000,35.64624000,1685580770570,True,True
55328695,0.02060000,158.30000000,3.26098000,1685580770570,True,True
55328696,0.02061000,2076.40000000,42.79460400,1685580833240,False,True
55328697,0.02061000,2077.40000000,42.81521400,1685580845748,True,True
55328698,0.02060000,1055.10000000,21.73506000,1685580912536,True,True
55328699,0.02060000,2076.40000000,42.77384000,1685580931784,False,True
55328700,0.02059000,815.00000000,16.78085000,1685580983957,True,True
55328701,0.02060000,2078.40000000,42.81504000,1685581012995,False,True
55328702,0.02060000,13706.00000000,282.34360000,1685581012995,False,True
55328703,0.02060000,6418.40000000,132.21904000,1685581012995,False,True
55328704,0.02060000,13359.00000000,275.19540000,1685581012995,False,True
55328705,0.02061000,500.00000000,10.30500000,1685581015844,False,True
55328706,0.02061000,1576.40000000,32.48960400,1685581025028,False,True
55328707,0.02061000,1978.50000000,40.77688500,1685581044607,True,True
55328708,0.02060000,3027.80000000,62.37268000,1685581060798,True,True
55328709,0.02061000,618.00000000,12.73698000,1685581081061,False,True
55328710,0.02061000,1489.50000000,30.69859500,1685581153305,False,True
55328711,0.02062000,1751.50000000,36.11593000,1685581159774,False,True
55328712,0.02062000,143.10000000,2.95072200,1685581200610,False,True
55328713,0.02062000,1977.50000000,40.77605000,1685581207573,True,True
55328714,0.02062000,861.50000000,17.76413000,1685581234904,False,True
55328715,0.02062000,1212.70000000,25.00587400,1685581234904,False,True
55328716,0.02063000,5775.20000000,119.14237600,1685581252269,False,True
55328717,0.02063000,10590.30000000,218.47788900,1685581252269,False,True
55328718,0.02063000,9938.00000000,205.02094000,1685581252269,False,True
55328719,0.02063000,1977.50000000,40.79582500,1685581273073,True,True
55328720,0.02062000,1976.60000000,40.75749200,1685581273073,True,True
55328721,0.02062000,574.90000000,11.85443800,1685581273073,True,True
55328722,0.02061000,1977.50000000,40.75627500,1685581391005,True,True
55328723,0.02061000,5775.20000000,119.02687200,1685581391005,True,True
55328724,0.02061000,6320.70000000,130.26962700,1685581391005,True,True
55328725,0.02060000,10000.00000000,206.00000000,1685581391007,True,True
55328726,0.02061000,932.10000000,19.21058100,1685581402111,False,True
55328727,0.02061000,8779.50000000,180.94549500,1685581428525,False,True
55328728,0.02061000,1977.50000000,40.75627500,1685581428525,False,True
55328729,0.02061000,12652.40000000,260.76596400,1685581428525,False,True
55328730,0.02062000,1975.60000000,40.73687200,1685581489420,False,True
55328731,0.02062000,10570.00000000,217.95340000,1685581489420,False,True
55328732,0.02063000,1975.60000000,40.75662800,1685581503223,False,True
55328733,0.02064000,2073.40000000,42.79497600,1685581505314,False,True
55328734,0.02064000,26.60000000,0.54902400,1685581505314,False,True
55328735,0.02064000,1728.00000000,35.66592000,1685581526698,False,True
55328736,0.02063000,1977.50000000,40.79582500,1685581546842,True,True
55328737,0.02063000,11035.60000000,227.66442800,1685581572932,False,True
55328738,0.02063000,12148.80000000,250.62974400,1685581572932,False,True
55328739,0.02063000,5775.20000000,119.14237600,1685581572932,False,True
55328740,0.02063000,7500.40000000,154.73325200,1685581572932,False,True
55328741,0.02063000,936.40000000,19.31793200,1685581592278,False,True
55328742,0.02063000,934.90000000,19.28698700,1685581610623,False,True
55328743,0.02063000,7370.70000000,152.05754100,1685581621965,False,True
55328744,0.02064000,8835.00000000,182.35440000,1685581635553,False,True
55328745,0.02064000,9760.90000000,201.46497600,1685581635553,False,True
55328746,0.02064000,5775.20000000,119.20012800,1685581635553,False,True
55328747,0.02064000,6320.70000000,130.45924800,1685581635553,False,True
55328748,0.02064000,13356.70000000,275.68228800,1685581635553,False,True
55328749,0.02064000,6320.70000000,130.45924800,1685581635553,False,True
55328750,0.02065000,2072.40000000,42.79506000,1685581635553,False,True
55328751,0.02065000,5775.20000000,119.25788000,1685581635553,False,True
55328752,0.02065000,11482.00000000,237.10330000,1685581635553,False,True
55328753,0.02065000,24329.90000000,502.41243500,1685581635553,False,True
55328754,0.02065000,3670.40000000,75.79376000,1685581635557,True,True
55328755,0.02065000,4082.10000000,84.29536500,1685581635557,True,True
55328756,0.02065000,59568.00000000,1230.07920000,1685581635557,True,True
55328757,0.02065000,39575.60000000,817.23614000,1685581635557,True,True
55328758,0.02065000,4343.20000000,89.68708000,1685581635558,True,True
55328759,0.02065000,85460.90000000,1764.76758500,1685581635559,True,True
55328760,0.02065000,50020.10000000,1032.91506500,1685581635560,True,True
55328761,0.02065000,17251.00000000,356.23315000,1685581635561,True,True
55328762,0.02064000,1975.60000000,40.77638400,1685581637456,True,True
55328763,0.02064000,1474.40000000,30.43161600,1685581637456,True,True
55328764,0.02063000,1975.60000000,40.75662800,1685581637460,True,True
55328765,0.02063000,2937.70000000,60.60475100,1685581637460,True,True
55328766,0.02063000,3302.20000000,68.12438600,1685581637460,True,True
55328767,0.02064000,933.30000000,19.26331200,1685581663012,False,True
55328768,0.02064000,278.30000000,5.74411200,1685581697703,False,True
55328769,0.02065000,1974.70000000,40.77755500,1685581727295,False,True
55328770,0.02066000,9645.50000000,199.27603000,1685581802019,False,True
55328771,0.02066000,5775.20000000,119.31563200,1685581802019,False,True
55328772,0.02066000,749.80000000,15.49086800,1685581802019,False,True
55328773,0.02067000,5775.20000000,119.37338400,1685581808205,False,True
55328774,0.02068000,9242.00000000,191.12456000,1685581825314,False,True
55328775,0.02069000,743.90000000,15.39129100,1685581826038,True,True
55328776,0.02069000,1230.80000000,25.46525200,1685581826063,True,True
55328777,0.02069000,882.90000000,18.26720100,1685581826063,True,True
55328778,0.02069000,629.20000000,13.01814800,1685581826066,True,True
55328779,0.02069000,532.60000000,11.01949400,1685581826126,True,True
55328780,0.02070000,9645.50000000,199.66185000,1685581845353,False,True
55328781,0.02070000,793.50000000,16.42545000,1685581845353,False,True
55328782,0.02070000,1999.60000000,41.39172000,1685581845353,False,True
55328783,0.02070000,6320.70000000,130.83849000,1685581868379,True,True
55328784,0.02071000,500.00000000,10.35500000,1685581889088,False,True
55328785,0.02071000,960.00000000,19.88160000,1685581898932,False,True
55328786,0.02071000,693.40000000,14.36031400,1685581925801,True,True
55328787,0.02070000,1462.60000000,30.27582000,1685581925801,True,True
55328788,0.02071000,1876.60000000,38.86438600,1685582045450,True,True
55328789,0.02069000,1968.00000000,40.71792000,1685582157033,False,True
55328790,0.02069000,9242.00000000,191.21698000,1685582157033,False,True
55328791,0.02069000,1970.80000000,40.77585200,1685582197739,True,True
55328792,0.02069000,2206.10000000,45.64420900,1685582197739,True,True
55328793,0.02069000,1766.60000000,36.55095400,1685582197741,True,True
55328794,0.02069000,1970.70000000,40.77378300,1685582229868,False,True
55328795,0.02069000,483.80000000,10.00982200,1685582229868,False,True
55328796,0.02069000,526.90000000,10.90156100,1685582229868,False,True
55328797,0.02070000,1968.00000000,40.73760000,1685582313075,False,True
55328798,0.02070000,894.20000000,18.50994000,1685582313075,False,True
55328799,0.02070000,797.70000000,16.51239000,1685582313075,False,True
55328800,0.02070000,918.50000000,19.01295000,1685582313075,False,True
55328801,0.02070000,729.70000000,15.10479000,1685582313116,True,True
55328802,0.02072000,511.20000000,10.59206400,1685582335565,False,True
55328803,0.02072000,422.20000000,8.74798400,1685582335565,False,True
55328804,0.02072000,9223.30000000,191.10677600,1685582344059,False,True
55328805,0.02072000,2669.00000000,55.30168000,1685582344059,False,True
55328806,0.02072000,1353.40000000,28.04244800,1685582344059,False,True
55328807,0.02072000,2808.50000000,58.19212000,1685582344059,False,True
55328808,0.02072000,995.90000000,20.63504800,1685582344074,True,True
55328809,0.02072000,11611.80000000,240.59649600,1685582344363,True,True
55328810,0.02072000,1969.90000000,40.81632800,1685582344363,True,True
55328811,0.02072000,2363.50000000,48.97172000,1685582344363,True,True
55328812,0.02072000,1965.00000000,40.71480000,1685582369056,True,True
55328813,0.02072000,1967.00000000,40.75624000,1685582405323,False,True
55328814,0.02072000,9242.00000000,191.49424000,1685582405323,False,True
55328815,0.02073000,6314.60000000,130.90165800,1685582468115,False,True
55328816,0.02073000,10998.50000000,227.99890500,1685582468115,False,True
55328817,0.02073000,2981.40000000,61.80442200,1685582468115,False,True
55328818,0.02073000,5686.20000000,117.87492600,1685582468115,False,True
55328819,0.02073000,920.40000000,19.07989200,1685582468115,False,True
55328820,0.02073000,604.10000000,12.52299300,1685582468122,True,True
55328821,0.02073000,1208.20000000,25.04598600,1685582468140,True,True
55328822,0.02073000,14732.10000000,305.39643300,1685582496721,True,True
55328823,0.02072000,5889.00000000,122.02008000,1685582520105,True,True
55328824,0.02072000,1968.00000000,40.77696000,1685582539476,True,True
55328825,0.02072000,459.00000000,9.51048000,1685582539476,True,True
55328826,0.02072000,6538.90000000,135.48600800,1685582539483,True,True
55328827,0.02072000,1034.10000000,21.42655200,1685582539483,True,True
55328828,0.02072000,1967.00000000,40.75624000,1685582589099,False,True
55328829,0.02073000,1967.90000000,40.79456700,1685582594549,False,True
55328830,0.02073000,6997.90000000,145.06646700,1685582594549,False,True
55328831,0.02073000,2154.80000000,44.66900400,1685582594549,False,True
55328832,0.02073000,14097.00000000,292.23081000,1685582594549,False,True
55328833,0.02073000,9195.00000000,190.61235000,1685582594549,False,True
55328834,0.02073000,9385.00000000,194.55105000,1685582594549,False,True
55328835,0.02073000,9564.00000000,198.26172000,1685582594549,False,True
55328836,0.02073000,9358.00000000,193.99134000,1685582594549,False,True
55328837,0.02073000,7126.80000000,147.73856400,1685582594549,False,True
55328838,0.02073000,675.60000000,14.00518800,1685582608462,False,True
55328839,0.02073000,15920.40000000,330.02989200,1685582608462,False,True
55328840,0.02073000,604.10000000,12.52299300,1685582608502,True,True
55328841,0.02073000,1208.20000000,25.04598600,1685582608537,True,True
55328842,0.02073000,1208.20000000,25.04598600,1685582609320,True,True
55328843,0.02073000,604.10000000,12.52299300,1685582614504,True,True
55328844,0.02073000,1208.00000000,25.04184000,1685582614557,True,True
55328845,0.02073000,30649.20000000,635.35791600,1685582614561,True,True
55328846,0.02073000,9757.10000000,202.26468300,1685582614564,True,True
55328847,0.02073000,8011.50000000,166.07839500,1685582614564,True,True
55328848,0.02072000,1967.00000000,40.75624000,1685582614564,True,True
55328849,0.02072000,701.90000000,14.54336800,1685582614564,True,True
55328850,0.02073000,1967.00000000,40.77591000,1685582614573,True,True
55328851,0.02073000,502.60000000,10.41889800,1685582627777,False,True
55328852,0.02073000,1966.10000000,40.75725300,1685582701154,False,True
55328853,0.02073000,6320.70000000,131.02811100,1685582744938,True,True
55328854,0.02073000,5460.70000000,113.20031100,1685582744938,True,True
55328855,0.02073000,10705.60000000,221.92708800,1685582744938,True,True
55328856,0.02073000,9956.70000000,206.40239100,1685582744938,True,True
55328857,0.02073000,141.50000000,2.93329500,1685582769868,True,True
55328858,0.02073000,2039.50000000,42.27883500,1685582769868,True,True
55328859,0.02073000,10266.90000000,212.83283700,1685582769998,True,True
55328860,0.02073000,4132.80000000,85.67294400,1685582769998,True,True
55328861,0.02073000,1966.00000000,40.75518000,1685582771339,True,True
55328862,0.02072000,6540.00000000,135.50880000,1685582771339,True,True
55328863,0.02072000,932.30000000,19.31725600,1685582782243,True,True
55328864,0.02073000,1966.10000000,40.75725300,1685582842487,False,True
55328865,0.02074000,1974.70000000,40.95527800,1685582845822,False,True
55328866,0.02074000,6997.90000000,145.13644600,1685582845822,False,True
55328867,0.02074000,1545.50000000,32.05367000,1685582845822,False,True
55328868,0.02075000,1831.10000000,37.99532500,1685582874621,False,True
55328869,0.02075000,1785.20000000,37.04290000,1685582874621,False,True
55328870,0.02075000,1831.10000000,37.99532500,1685582874621,False,True
55328871,0.02075000,873.30000000,18.12097500,1685582874621,False,True
55328872,0.02075000,957.80000000,19.87435000,1685582874621,False,True
55328873,0.02075000,794.00000000,16.47550000,1685582874621,False,True
55328874,0.02075000,1037.10000000,21.51982500,1685582874655,False,True
55328875,0.02075000,748.10000000,15.52307500,1685582874655,False,True
55328876,0.02074000,1966.10000000,40.77691400,1685582933235,True,True
55328877,0.02074000,1602.90000000,33.24414600,1685582933235,True,True
55328878,0.02074000,2031.00000000,42.12294000,1685582934396,True,True
55328879,0.02075000,669.80000000,13.89835000,1685583002809,False,True
55328880,0.02075000,1965.10000000,40.77582500,1685583002819,True,True
55328881,0.02075000,4563.10000000,94.68432500,1685583002821,True,True
55328882,0.02075000,650.30000000,13.49372500,1685583003152,True,True
55328883,0.02075000,1206.20000000,25.02865000,1685583003758,True,True
55328884,0.02076000,561.80000000,11.66296800,1685583005996,False,True
55328885,0.02076000,1408.10000000,29.23215600,1685583007126,False,True
55328886,0.02076000,9645.50000000,200.24058000,1685583007126,False,True
55328887,0.02076000,6997.90000000,145.27640400,1685583007126,False,True
55328888,0.02076000,6320.70000000,131.21773200,1685583007126,False,True
55328889,0.02076000,127.80000000,2.65312800,1685583007126,False,True
55328890,0.02075000,11976.80000000,248.51860000,1685583013157,True,True
55328891,0.02075000,6931.80000000,143.83485000,1685583019842,True,True
55328892,0.02075000,1686.80000000,35.00110000,1685583019842,True,True
55328893,0.02075000,1899.50000000,39.41462500,1685583019842,True,True
55328894,0.02075000,1801.20000000,37.37490000,1685583019859,True,True
55328895,0.02075000,4819.20000000,99.99840000,1685583019859,True,True
55328896,0.02075000,1951.60000000,40.49570000,1685583059145,False,True
55328897,0.02075000,2867.70000000,59.50477500,1685583059145,False,True
55328898,0.02074000,872.00000000,18.08528000,1685583168451,True,True
55328899,0.02074000,2031.00000000,42.12294000,1685583170012,True,True
55328900,0.02074000,7196.30000000,149.25126200,1685583232510,True,True
55328901,0.02074000,12644.80000000,262.25315200,1685583232510,True,True
55328902,0.02074000,158.90000000,3.29558600,1685583232510,True,True
55328903,0.02074000,780.90000000,16.19586600,1685583232515,True,True
55328904,0.02074000,2842.60000000,58.95552400,1685583232515,True,True
55328905,0.02074000,669.80000000,13.89165200,1685583232596,True,True
55328906,0.02074000,1295.30000000,26.86452200,1685583246361,True,True
55328907,0.02074000,1205.20000000,24.99584800,1685583246361,True,True
55328908,0.02074000,1446.40000000,29.99833600,1685583374296,False,True
55328909,0.02074000,7795.60000000,161.68074400,1685583409407,False,True
55328910,0.02075000,933.40000000,19.36805000,1685583413704,False,True
55328911,0.02074000,905.50000000,18.78007000,1685583505712,True,True
55328912,0.02075000,962.90000000,19.98017500,1685583508153,False,True
55328913,0.02074000,300.20000000,6.22614800,1685583508421,True,True
55328914,0.02074000,659.80000000,13.68425200,1685583508421,True,True
55328915,0.02074000,500.00000000,10.37000000,1685583515166,True,True
55328916,0.02074000,672.10000000,13.93935400,1685583605757,True,True
55328917,0.02074000,1965.10000000,40.75617400,1685583702607,False,True
55328918,0.02075000,1214.50000000,25.20087500,1685583787015,False,True
55328919,0.02074000,1519.30000000,31.51028200,1685583839387,True,True
55328920,0.02074000,1635.80000000,33.92649200,1685583839387,True,True
55328921,0.02073000,1205.70000000,24.99416100,1685583844667,True,True
55328922,0.02072000,5104.40000000,105.76316800,1685583844667,True,True
55328923,0.02072000,3689.90000000,76.45472800,1685583844667,True,True
55328924,0.02072000,931.70000000,19.30482400,1685583879518,True,True
55328925,0.02071000,1969.90000000,40.79662900,1685583901203,True,True
55328926,0.02071000,6997.90000000,144.92650900,1685583901203,True,True
55328927,0.02071000,1032.20000000,21.37686200,1685583901203,True,True
55328928,0.02071000,1455.30000000,30.13926300,1685583901207,True,True
55328929,0.02071000,1968.00000000,40.75728000,1685583908998,False,True
55328930,0.02072000,1655.50000000,34.30196000,1685583909845,False,True
55328931,0.02072000,310.60000000,6.43563200,1685583909891,False,True
55328932,0.02073000,1966.10000000,40.75725300,1685583910004,False,True
55328933,0.02073000,1967.00000000,40.77591000,1685583920194,True,True
55328934,0.02072000,1207.50000000,25.01940000,1685583920204,True,True
55328935,0.02072000,7698.20000000,159.50670400,1685583920204,True,True
55328936,0.02072000,1094.30000000,22.67389600,1685583920204,True,True
55328937,0.02071000,1966.10000000,40.71793100,1685583950175,False,True
55328938,0.02072000,1966.10000000,40.73759200,1685583950175,False,True
55328939,0.02072000,7698.20000000,159.50670400,1685583950175,False,True
55328940,0.02072000,11084.50000000,229.67084000,1685583950175,False,True
55328941,0.02072000,1416.30000000,29.34573600,1685583950175,False,True
55328942,0.02071000,1968.90000000,40.77591900,1685583964866,True,True
55328943,0.02070000,2138.20000000,44.26074000,1685583978774,True,True
55328944,0.02070000,3717.90000000,76.96053000,1685583979831,True,True
55328945,0.02070000,2275.70000000,47.10699000,1685583979840,True,True
55328946,0.02070000,18434.60000000,381.59622000,1685583979865,True,True
55328947,0.02070000,1515.30000000,31.36671000,1685584147958,True,True
55328948,0.02069000,939.80000000,19.44446200,1685584161853,True,True
55328949,0.02069000,932.00000000,19.28308000,1685584183831,True,True
55328950,0.02069000,98.90000000,2.04624100,1685584189029,True,True
55328951,0.02069000,833.20000000,17.23890800,1685584189029,True,True
55328952,0.02068000,7698.20000000,159.19877600,1685584237507,True,True
55328953,0.02068000,10000.00000000,206.80000000,1685584239505,False,True
55328954,0.02068000,2092.50000000,43.27290000,1685584239505,False,True
55328955,0.02068000,9242.00000000,191.12456000,1685584239505,False,True
55328956,0.02068000,597.70000000,12.36043600,1685584239505,False,True
55328957,0.02068000,8471.70000000,175.19475600,1685584255017,True,True
55328958,0.02067000,1528.30000000,31.58996100,1685584255017,True,True
55328959,0.02067000,6169.90000000,127.53183300,1685584255034,True,True
55328960,0.02066000,1974.70000000,40.79730200,1685584255034,True,True
55328961,0.02066000,770.40000000,15.91646400,1685584255034,True,True
55328962,0.02067000,2953.70000000,61.05297900,1685584256704,True,True
55328963,0.02067000,804.80000000,16.63521600,1685584256707,True,True
55328964,0.02067000,2052.50000000,42.42517500,1685584280767,True,True
55328965,0.02068000,1969.90000000,40.73753200,1685584281808,False,True
55328966,0.02068000,4350.80000000,89.97454400,1685584281808,False,True
55328967,0.02068000,931.60000000,19.26548800,1685584284834,True,True
55328968,0.02068000,1971.80000000,40.77682400,1685584377044,False,True
55328969,0.02068000,967.10000000,19.99962800,1685584386524,True,True
55328970,0.02068000,2613.50000000,54.04718000,1685584538615,False,True
55328971,0.02067000,933.50000000,19.29544500,1685584550628,True,True
55328972,0.02067000,1971.80000000,40.75710600,1685584573296,False,True
55328973,0.02067000,500.00000000,10.33500000,1685584573296,False,True
55328974,0.02068000,1971.80000000,40.77682400,1685584645006,False,True
55328975,0.02069000,1969.90000000,40.75723100,1685584648123,False,True
55328976,0.02069000,2871.30000000,59.40719700,1685584648123,False,True
55328977,0.02069000,1575.10000000,32.58881900,1685584648240,False,True
55328978,0.02069000,4025.30000000,83.28345700,1685584810672,False,True
55328979,0.02069000,11514.60000000,238.23707400,1685584810672,False,True
55328980,0.02069000,2536.40000000,52.47811600,1685584810672,False,True
55328981,0.02069000,6078.20000000,125.75795800,1685584810672,False,True
55328982,0.02069000,4863.90000000,100.63409100,1685584810681,False,True
55328983,0.02069000,9242.00000000,191.21698000,1685584810681,False,True
55328984,0.02069000,1970.80000000,40.77585200,1685584820034,True,True
55328985,0.02069000,2986.10000000,61.78240900,1685584820034,True,True
55328986,0.02068000,1972.80000000,40.79750400,1685584825223,True,True
55328987,0.02068000,115.20000000,2.38233600,1685584825223,True,True
55328988,0.02068000,1969.00000000,40.71892000,1685584960390,True,True
55328989,0.02067000,1972.80000000,40.77777600,1685584971282,True,True
55328990,0.02067000,8027.20000000,165.92222400,1685584971282,True,True
55328991,0.02066000,9188.00000000,189.82408000,1685584971290,True,True
55328992,0.02067000,9674.40000000,199.96984800,1685584991911,False,True
55328993,0.02067000,1971.80000000,40.75710600,1685584991911,False,True
55328994,0.02067000,8437.20000000,174.39692400,1685584991911,False,True
55328995,0.02067000,9242.00000000,191.03214000,1685584991915,False,True
55328996,0.02067000,7623.80000000,157.58394600,1685584991915,False,True
55328997,0.02068000,1970.80000000,40.75614400,1685584992845,False,True
55328998,0.02068000,1078.90000000,22.31165200,1685584992845,False,True
55328999,0.02068000,1970.80000000,40.75614400,1685585046657,True,True
55329000,0.02068000,926.10000000,19.15174800,1685585069958,False,True
55329001,0.02066000,4440.10000000,91.73246600,1685585160195,True,True
55329002,0.02066000,7336.60000000,151.57415600,1685585160197,True,True
55329003,0.02066000,7623.80000000,157.50770800,1685585160197,True,True
55329004,0.02065000,1974.70000000,40.77755500,1685585160354,True,True
55329005,0.02065000,511.20000000,10.55628000,1685585160354,True,True
55329006,0.02065000,7514.10000000,155.16616500,1685585160354,True,True
55329007,0.02065000,2327.90000000,48.07113500,1685585160752,True,True
55329008,0.02064000,1975.60000000,40.77638400,1685585160752,True,True
55329009,0.02064000,514.50000000,10.61928000,1685585160752,True,True
55329010,0.02064000,16148.20000000,333.29884800,1685585172931,True,True
55329011,0.02064000,1973.70000000,40.73716800,1685585177191,False,True
55329012,0.02063000,5518.00000000,113.83634000,1685585229643,True,True
55329013,0.02063000,6051.20000000,124.83625600,1685585337543,True,True
55329014,0.02063000,6320.70000000,130.39604100,1685585337543,True,True
55329015,0.02063000,14682.00000000,302.88966000,1685585337543,True,True
55329016,0.02063000,9358.00000000,193.05554000,1685585337543,True,True
55329017,0.02063000,13588.10000000,280.32250300,1685585337543,True,True
55329018,0.02064000,1975.60000000,40.77638400,1685585389884,False,True
55329019,0.02064000,11426.00000000,235.83264000,1685585406109,True,True
55329020,0.02064000,3124.60000000,64.49174400,1685585406109,True,True
55329021,0.02064000,35449.40000000,731.67561600,1685585406109,True,True
55329022,0.02064000,2029.00000000,41.87856000,1685585472881,True,True
55329023,0.02064000,6320.70000000,130.45924800,1685585473224,True,True
55329024,0.02064000,6185.10000000,127.66046400,1685585473229,True,True
55329025,0.02064000,135.60000000,2.79878400,1685585473229,True,True
55329026,0.02063000,9474.00000000,195.44862000,1685585598103,True,True
55329027,0.02063000,7391.80000000,152.49283400,1685585598103,True,True
55329028,0.02063000,743.70000000,15.34253100,1685585598111,True,True
55329029,0.02063000,7752.00000000,159.92376000,1685585598112,True,True
55329030,0.02063000,743.70000000,15.34253100,1685585598119,True,True
55329031,0.02063000,10817.50000000,223.16502500,1685585770100,True,True
55329032,0.02063000,6320.70000000,130.39604100,1685585770100,True,True
55329033,0.02063000,9385.00000000,193.61255000,1685585770100,True,True
55329034,0.02063000,9195.00000000,189.69285000,1685585770100,True,True
55329035,0.02063000,12845.20000000,264.99647600,1685585770100,True,True
55329036,0.02062000,10000.00000000,206.20000000,1685585770100,True,True
55329037,0.02062000,14329.90000000,295.48253800,1685585770101,True,True
55329038,0.02061000,793.50000000,16.35403500,1685585770102,True,True
55329039,0.02061000,13.40000000,0.27617400,1685585770102,True,True
55329040,0.02062000,6320.70000000,130.33283400,1685585770113,False,True
55329041,0.02062000,9398.00000000,193.78676000,1685585770114,False,True
55329042,0.02062000,1985.30000000,40.93688600,1685585770114,False,True
55329043,0.02062000,7606.70000000,156.85015400,1685585770116,False,True
55329044,0.02062000,8841.00000000,182.30142000,1685585770119,False,True
55329045,0.02062000,3093.90000000,63.79621800,1685585770119,False,True
55329046,0.02062000,6320.70000000,130.33283400,1685585770122,False,True
55329047,0.02062000,6320.70000000,130.33283400,1685585770124,False,True
55329048,0.02062000,2619.30000000,54.00996600,1685585770125,False,True
55329049,0.02062000,8665.00000000,178.67230000,1685585770125,False,True
55329050,0.02062000,6293.60000000,129.77403200,1685585770125,False,True
55329051,0.02062000,2817.40000000,58.09478800,1685585770126,False,True
55329052,0.02062000,957.40000000,19.74158800,1685585770126,False,True
55329053,0.02062000,8493.60000000,175.13803200,1685585770127,False,True
55329054,0.02062000,10136.00000000,209.00432000,1685585770127,False,True
55329055,0.02062000,9237.00000000,190.46694000,1685585770127,False,True
55329056,0.02062000,9519.00000000,196.28178000,1685585770127,False,True
55329057,0.02062000,9380.00000000,193.41560000,1685585770127,False,True
55329058,0.02062000,3401.40000000,70.13686800,1685585770127,False,True
55329059,0.02062000,2282.80000000,47.07133600,1685585770128,False,True
55329060,0.02062000,3557.80000000,73.36183600,1685585770129,False,True
55329061,0.02061000,4845.00000000,99.85545000,1685585770298,True,True
55329062,0.02062000,657.30000000,13.55352600,1685585791623,False,True
55329063,0.02063000,783.00000000,16.15329000,1685586163388,True,True
55329064,0.02064000,1975.60000000,40.77638400,1685586234735,False,True
55329065,0.02064000,43847.30000000,905.00827200,1685586234735,False,True
55329066,0.02064000,9689.90000000,199.99953600,1685586304078,True,True
55329067,0.02064000,950.00000000,19.60800000,1685586304078,True,True
55329068,0.02064000,22581.60000000,466.08422400,1685586304078,True,True
55329069,0.02063000,6014.40000000,124.07707200,1685586304078,True,True
55329070,0.02063000,391.30000000,8.07251900,1685586304078,True,True
55329071,0.02063000,1972.70000000,40.69680100,1685586435550,False,True
55329072,0.02064000,1972.70000000,40.71652800,1685586469859,False,True
55329073,0.02064000,10104.00000000,208.54656000,1685586604069,True,True
55329074,0.02064000,743.70000000,15.34996800,1685586604069,True,True
55329075,0.02064000,12857.20000000,265.37260800,1685586604069,True,True
55329076,0.02063000,10000.00000000,206.30000000,1685586604069,True,True
55329077,0.02063000,6320.70000000,130.39604100,1685586604069,True,True
55329078,0.02063000,11225.00000000,231.57175000,1685586604069,True,True
55329079,0.02062000,9911.90000000,204.38337800,1685586604069,True,True
55329080,0.02062000,11057.20000000,227.99946400,1685586604069,True,True
55329081,0.02062000,6009.60000000,123.91795200,1685586604069,True,True
55329082,0.02062000,20000.00000000,412.40000000,1685586604069,True,True
55329083,0.02062000,1861.40000000,38.38206800,1685586604069,True,True
55329084,0.02061000,13130.40000000,270.61754400,1685586604069,True,True
55329085,0.02061000,5875.20000000,121.08787200,1685586604069,True,True
55329086,0.02061000,11225.30000000,231.35343300,1685586604069,True,True
55329087,0.02061000,11354.40000000,234.01418400,1685586604069,True,True
55329088,0.02064000,1975.60000000,40.77638400,1685586666068,True,True
55329089,0.02065000,1973.70000000,40.75690500,1685586793805,False,True
55329090,0.02065000,767.00000000,15.83855000,1685586983935,True,True
55329091,0.02065000,756.80000000,15.62792000,1685586984167,True,True
55329092,0.02065000,450.90000000,9.31108500,1685587112217,True,True
55329093,0.02065000,9592.00000000,198.07480000,1685587112217,True,True
55329094,0.02065000,8841.00000000,182.56665000,1685587112217,True,True
55329095,0.02065000,2251.80000000,46.49967000,1685587112217,True,True
55329096,0.02065000,6985.20000000,144.24438000,1685587112278,True,True
55329097,0.02065000,9111.00000000,188.14215000,1685587112278,True,True
55329098,0.02065000,9398.00000000,194.06870000,1685587112278,True,True
55329099,0.02065000,8665.00000000,178.93225000,1685587112278,True,True
55329100,0.02065000,7379.00000000,152.37635000,1685587112278,True,True
55329101,0.02065000,1561.00000000,32.23465000,1685587112366,True,True
55329102,0.02065000,9451.00000000,195.16315000,1685587112366,True,True
55329103,0.02065000,9380.00000000,193.69700000,1685587112366,True,True
55329104,0.02064000,1974.70000000,40.75780800,1685587200985,True,True
55329105,0.02063000,1975.60000000,40.75662800,1685587216690,True,True
55329106,0.02063000,1974.70000000,40.73806100,1685587216839,False,True
55329107,0.02063000,125.30000000,2.58493900,1685587216839,False,True
55329108,0.02062000,1204.40000000,24.83472800,1685587298350,True,True
55329109,0.02062000,771.20000000,15.90214400,1685587328360,True,True
55329110,0.02061000,2426.00000000,49.99986000,1685587351659,True,True
55329111,0.02061000,2426.00000000,49.99986000,1685587351659,True,True
55329112,0.02061000,2426.00000000,49.99986000,1685587351659,True,True
55329113,0.02060000,2669.00000000,54.98140000,1685587359956,True,True
55329114,0.02060000,4000.00000000,82.40000000,1685587359956,True,True
55329115,0.02059000,1976.60000000,40.69819400,1685587410920,True,True
55329116,0.02059000,16396.70000000,337.60805300,1685587410920,True,True
55329117,0.02059000,539.70000000,11.11242300,1685587412959,False,True
55329118,0.02058000,932.00000000,19.18056000,1685587434915,True,True
55329119,0.02059000,3581.60000000,73.74514400,1685587507052,False,True
55329120,0.02059000,743.70000000,15.31278300,1685587507054,False,True
55329121,0.02058000,938.10000000,19.30609800,1685587510608,True,True
55329122,0.02059000,679.90000000,13.99914100,1685587698229,False,True
55329123,0.02058000,5545.20000000,114.12021600,1685587748566,True,True
55329124,0.02058000,11414.60000000,234.91246800,1685587748569,True,True
55329125,0.02058000,5545.20000000,114.12021600,1685587748573,True,True
55329126,0.02057000,511.20000000,10.51538400,1685587752082,True,True
55329127,0.02057000,11410.70000000,234.71809900,1685587752082,True,True
55329128,0.02057000,1979.00000000,40.70803000,1685587752103,False,True
55329129,0.02056000,1215.70000000,24.99479200,1685587772921,True,True
55329130,0.02056000,1202.00000000,24.71312000,1685587773051,False,True
55329131,0.02055000,14684.50000000,301.76647500,1685587774125,True,True
55329132,0.02055000,2417.70000000,49.68373500,1685587774125,True,True
55329133,0.02054000,1571.40000000,32.27655600,1685587774319,True,True
55329134,0.02054000,27102.90000000,556.69356600,1685587774319,True,True
55329135,0.02054000,3581.60000000,73.56606400,1685587775573,True,True
55329136,0.02054000,6117.70000000,125.65755800,1685587775574,True,True
55329137,0.02054000,203.00000000,4.16962000,1685587775574,True,True
55329138,0.02054000,6320.70000000,129.82717800,1685587775577,True,True
55329139,0.02054000,7198.40000000,147.85513600,1685587776173,False,True
55329140,0.02054000,972.30000000,19.97104200,1685587777045,False,True
55329141,0.02054000,1982.30000000,40.71644200,1685587777045,False,True
55329142,0.02054000,743.70000000,15.27559800,1685587779248,True,True
55329143,0.02054000,3469.10000000,71.25531400,1685587779497,True,True
55329144,0.02054000,1454.50000000,29.87543000,1685587779497,True,True
55329145,0.02054000,1787.00000000,36.70498000,1685587779497,True,True
55329146,0.02053000,1000.00000000,20.53000000,1685587780625,True,True
55329147,0.02052000,793.50000000,16.28262000,1685587782458,True,True
55329148,0.02052000,12134.40000000,248.99788800,1685587782458,True,True
55329149,0.02052000,20542.40000000,421.53004800,1685587782462,True,True
55329150,0.02051000,11870.20000000,243.45780200,1685587785077,True,True
55329151,0.02051000,14295.20000000,293.19455200,1685587785686,True,True
55329152,0.02051000,817.90000000,16.77512900,1685587785715,False,True
55329153,0.02050000,511.20000000,10.47960000,1685587786532,True,True
55329154,0.02050000,5975.10000000,122.48955000,1685587786532,True,True
55329155,0.02050000,490.80000000,10.06140000,1685587786532,True,True
55329156,0.02050000,12675.50000000,259.84775000,1685587786532,True,True
55329157,0.02050000,1000.00000000,20.50000000,1685587786532,True,True
55329158,0.02050000,14551.60000000,298.30780000,1685587786532,True,True
55329159,0.02050000,9699.30000000,198.83565000,1685587786532,True,True
55329160,0.02049000,1985.20000000,40.67674800,1685587786606,True,True
55329161,0.02049000,16105.40000000,329.99964600,1685587786606,True,True
55329162,0.02049000,13711.30000000,280.94453700,1685587786606,True,True
55329163,0.02048000,2684.70000000,54.98265600,1685587786606,True,True
55329164,0.02048000,765.40000000,15.67539200,1685587786606,True,True
55329165,0.02048000,2039.30000000,41.76486400,1685587786606,True,True
55329166,0.02048000,2125.70000000,43.53433600,1685587786606,True,True
55329167,0.02048000,583.00000000,11.93984000,1685587786607,True,True
55329168,0.02048000,639.80000000,13.10310400,1685587786766,True,True
55329169,0.02048000,8980.00000000,183.91040000,1685587787812,True,True
55329170,0.02048000,5682.80000000,116.38374400,1685587787812,True,True
55329171,0.02048000,18908.00000000,387.23584000,1685587788137,True,True
55329172,0.02048000,501.60000000,10.27276800,1685587788145,True,True
55329173,0.02048000,5157.70000000,105.62969600,1685587788145,True,True
55329174,0.02048000,6191.60000000,126.80396800,1685587788151,True,True
55329175,0.02048000,2312.40000000,47.35795200,1685587788151,True,True
55329176,0.02048000,15581.10000000,319.10092800,1685587788152,True,True
55329177,0.02048000,2039.30000000,41.76486400,1685587789099,True,True
55329178,0.02048000,2039.30000000,41.76486400,1685587789566,True,True
55329179,0.02048000,2039.30000000,41.76486400,1685587789566,True,True
55329180,0.02048000,2039.30000000,41.76486400,1685587789566,True,True
55329181,0.02048000,2039.30000000,41.76486400,1685587789566,True,True
55329182,0.02048000,2039.30000000,41.76486400,1685587789566,True,True
55329183,0.02048000,2039.30000000,41.76486400,1685587789566,True,True
55329184,0.02048000,2039.30000000,41.76486400,1685587789566,True,True
55329185,0.02048000,2038.40000000,41.74643200,1685587789566,True,True
55329186,0.02048000,4882.80000000,99.99974400,1685587789702,True,True
55329187,0.02047000,13475.70000000,275.84757900,1685587790360,True,True
55329188,0.02047000,7327.70000000,149.99801900,1685587790360,True,True
55329189,0.02047000,14655.50000000,299.99808500,1685587790360,True,True
55329190,0.02047000,1552.70000000,31.78376900,1685587790533,False,True
55329191,0.02047000,601.90000000,12.32089300,1685587790533,False,True
55329192,0.02047000,7784.70000000,159.35280900,1685587791898,False,True
55329193,0.02047000,1976.60000000,40.46100200,1685587791898,False,True
55329194,0.02047000,7082.00000000,144.96854000,1685587792630,True,True
55329195,0.02047000,1615.10000000,33.06109700,1685587796302,False,True
55329196,0.02047000,14386.30000000,294.48756100,1685587796302,False,True
55329197,0.02047000,8386.60000000,171.67370200,1685587796302,False,True
55329198,0.02047000,14094.10000000,288.50622700,1685587796302,False,True
55329199,0.02046000,665.90000000,13.62431400,1685587800993,True,True
55329200,0.02046000,1326.10000000,27.13200600,1685587801010,True,True
55329201,0.02045000,977.90000000,19.99805500,1685587801383,True,True
55329202,0.02045000,1988.10000000,40.65664500,1685587801383,True,True
55329203,0.02044000,793.50000000,16.21914000,1685587802001,True,True
55329204,0.02044000,5527.20000000,112.97596800,1685587802001,True,True
55329205,0.02045000,765.80000000,15.66061000,1685587802882,False,True
55329206,0.02045000,7620.80000000,155.84536000,1685587802964,False,True
55329207,0.02045000,684.30000000,13.99393500,1685587802964,False,True
55329208,0.02045000,743.70000000,15.20866500,1685587802964,False,True
55329209,0.02044000,9150.00000000,187.02600000,1685587805373,True,True
55329210,0.02044000,1218.10000000,24.89796400,1685587805373,True,True
55329211,0.02044000,9761.30000000,199.52097200,1685587805373,True,True
55329212,0.02044000,13482.40000000,275.58025600,1685587805864,True,True
55329213,0.02044000,16306.20000000,333.29872800,1685587805864,True,True
55329214,0.02043000,511.20000000,10.44381600,1685587806290,True,True
55329215,0.02043000,1897.20000000,38.75979600,1685587806290,True,True
55329216,0.02043000,10811.10000000,220.87077300,1685587806306,False,True
55329217,0.02043000,8386.60000000,171.33823800,1685587806341,False,True
55329218,0.02043000,1900.00000000,38.81700000,1685587806341,False,True
55329219,0.02043000,1900.90000000,38.83538700,1685587806349,False,True
55329220,0.02043000,1900.90000000,38.83538700,1685587806366,False,True
55329221,0.02043000,1223.50000000,24.99610500,1685587806376,False,True
55329222,0.02043000,8386.60000000,171.33823800,1685587806406,False,True
55329223,0.02043000,8386.60000000,171.33823800,1685587806616,False,True
55329224,0.02043000,1900.90000000,38.83538700,1685587807364,True,True
55329225,0.02042000,1000.00000000,20.42000000,1685587807404,True,True
55329226,0.02042000,3500.00000000,71.47000000,1685587807404,True,True
55329227,0.02042000,9967.10000000,203.52818200,1685587808039,True,True
55329228,0.02042000,13467.10000000,274.99818200,1685587808039,True,True
55329229,0.02042000,13197.80000000,269.49907600,1685587808039,True,True
55329230,0.02042000,734.50000000,14.99849000,1685587810148,False,True
55329231,0.02042000,5586.20000000,114.07020400,1685587810212,False,True
55329232,0.02042000,1338.90000000,27.34033800,1685587810212,False,True
55329233,0.02042000,9699.30000000,198.05970600,1685587810212,False,True
55329234,0.02043000,1224.10000000,25.00836300,1685587810574,False,True
55329235,0.02043000,1224.10000000,25.00836300,1685587810574,False,True
55329236,0.02043000,9242.00000000,188.81406000,1685587810574,False,True
55329237,0.02043000,13089.80000000,267.42461400,1685587810707,True,True
55329238,0.02041000,744.40000000,15.19320400,1685587811853,True,True
55329239,0.02041000,14377.60000000,293.44681600,1685587811853,True,True
55329240,0.02041000,11520.80000000,235.13952800,1685587811855,True,True
55329241,0.02041000,9242.00000000,188.62922000,1685587814052,False,True
55329242,0.02042000,5856.00000000,119.57952000,1685587814074,False,True
55329243,0.02042000,3853.90000000,78.69663800,1685587814074,False,True
55329244,0.02042000,5845.40000000,119.36306800,1685587814809,False,True
55329245,0.02041000,1900.90000000,38.79736900,1685587816899,True,True
55329246,0.02042000,7639.00000000,155.98838000,1685587820402,False,True
55329247,0.02042000,2060.30000000,42.07132600,1685587820425,False,True
55329248,0.02042000,1224.70000000,25.00837400,1685587820425,False,True
55329249,0.02042000,1901.80000000,38.83475600,1685587821018,True,True
55329250,0.02042000,2169.20000000,44.29506400,1685587821018,True,True
55329251,0.02041000,1901.80000000,38.81573800,1685587821633,True,True
55329252,0.02041000,1901.80000000,38.81573800,1685587823370,False,True
55329253,0.02042000,931.00000000,19.01102000,1685587824502,False,True
55329254,0.02042000,293.70000000,5.99735400,1685587824929,False,True
55329255,0.02042000,670.10000000,13.68344200,1685587824929,False,True
55329256,0.02042000,1901.80000000,38.83475600,1685587840641,True,True
55329257,0.02042000,538.70000000,11.00025400,1685587842056,False,True
55329258,0.02042000,1900.90000000,38.81637800,1685587842519,True,True
55329259,0.02042000,1224.70000000,25.00837400,1685587848572,True,True
55329260,0.02042000,11858.60000000,242.15261200,1685587848572,True,True
55329261,0.02041000,1225.20000000,25.00633200,1685587848572,True,True
55329262,0.02041000,1224.70000000,24.99612700,1685587848572,True,True
55329263,0.02041000,12588.30000000,256.92720300,1685587848572,True,True
55329264,0.02041000,8386.60000000,171.17050600,1685587848572,True,True
55329265,0.02040000,980.40000000,20.00016000,1685587848572,True,True
55329266,0.02040000,1900.00000000,38.76000000,1685587848572,True,True
55329267,0.02040000,5230.50000000,106.70220000,1685587848572,True,True
55329268,0.02041000,1900.90000000,38.79736900,1685587851569,False,True
55329269,0.02041000,8386.60000000,171.17050600,1685587851569,False,True
55329270,0.02042000,1900.90000000,38.81637800,1685587853656,False,True
55329271,0.02042000,2599.10000000,53.07362200,1685587853656,False,True
55329272,0.02040000,14691.10000000,299.69844000,1685587861445,True,True
55329273,0.02038000,2041.20000000,41.59965600,1685587864871,True,True
55329274,0.02038000,6320.70000000,128.81586600,1685587864871,True,True
55329275,0.02038000,6320.70000000,128.81586600,1685587864871,True,True
55329276,0.02038000,2041.20000000,41.59965600,1685587865889,True,True
55329277,0.02038000,2041.20000000,41.59965600,1685587866181,True,True
55329278,0.02038000,2041.20000000,41.59965600,1685587866181,True,True
55329279,0.02038000,2041.20000000,41.59965600,1685587866181,True,True
55329280,0.02038000,2041.20000000,41.59965600,1685587866181,True,True
55329281,0.02038000,2041.20000000,41.59965600,1685587866181,True,True
55329282,0.02038000,2041.20000000,41.59965600,1685587866181,True,True
55329283,0.02038000,2041.20000000,41.59965600,1685587866181,True,True
55329284,0.02038000,2040.40000000,41.58335200,1685587866181,True,True
55329285,0.02037000,526.70000000,10.72887900,1685587866181,True,True
55329286,0.02037000,1900.00000000,38.70300000,1685587866181,True,True
55329287,0.02037000,13923.80000000,283.62780600,1685587866181,True,True
55329288,0.02036000,511.20000000,10.40803200,1685587866181,True,True
55329289,0.02036000,540.20000000,10.99847200,1685587866181,True,True
55329290,0.02036000,6795.70000000,138.36045200,1685587866181,True,True
55329291,0.02036000,7014.40000000,142.81318400,1685587866181,True,True
55329292,0.02036000,4167.20000000,84.84419200,1685587866181,True,True
55329293,0.02036000,12588.20000000,256.29575200,1685587866181,True,True
55329294,0.02036000,2632.30000000,53.59362800,1685587866181,True,True
55329295,0.02036000,3156.50000000,64.26634000,1685587866181,True,True
55329296,0.02036000,8386.60000000,170.75117600,1685587866181,True,True
55329297,0.02036000,24329.90000000,495.35676400,1685587866181,True,True
55329298,0.02035000,793.50000000,16.14772500,1685587866181,True,True
55329299,0.02035000,2701.80000000,54.98163000,1685587866181,True,True
55329300,0.02035000,655.40000000,13.33739000,1685587866181,True,True
55329301,0.02035000,58957.10000000,1199.77698500,1685587866181,True,True
55329302,0.02035000,12588.50000000,256.17597500,1685587866181,True,True
55329303,0.02035000,101161.10000000,2058.62838500,1685587866181,True,True
55329304,0.02035000,5971.20000000,121.51392000,1685587866181,True,True
55329305,0.02035000,8386.60000000,170.66731000,1685587866181,True,True
55329306,0.02035000,1636.90000000,33.31091500,1685587866181,True,True
55329307,0.02036000,6320.70000000,128.68945200,1685587866201,True,True
55329308,0.02036000,6320.70000000,128.68945200,1685587866201,True,True
55329309,0.02036000,11688.50000000,237.97786000,1685587866201,True,True
55329310,0.02036000,9564.00000000,194.72304000,1685587866326,True,True
55329311,0.02036000,10136.00000000,206.36896000,1685587866326,True,True
55329312,0.02036000,9519.00000000,193.80684000,1685587866326,True,True
55329313,0.02035000,6320.70000000,128.62624500,1685587866327,True,True
55329314,0.02034000,15899.70000000,323.39989800,1685587866327,True,True
55329315,0.02034000,7140.50000000,145.23777000,1685587866327,True,True
55329316,0.02034000,588.30000000,11.96602200,1685587866327,True,True
55329317,0.02034000,9242.00000000,187.98228000,1685587866328,True,True
55329318,0.02035000,743.70000000,15.13429500,1685587866414,True,True
55329319,0.02035000,5577.00000000,113.49195000,1685587866414,True,True
55329320,0.02035000,6320.70000000,128.62624500,1685587866417,True,True
55329321,0.02036000,589.30000000,11.99814800,1685587866542,False,True
55329322,0.02035000,2520.30000000,51.28810500,1685587866671,True,True
55329323,0.02035000,8833.00000000,179.75155000,1685587866671,True,True
55329324,0.02035000,8521.00000000,173.40235000,1685587866671,True,True
55329325,0.02035000,9132.00000000,185.83620000,1685587866671,True,True
55329326,0.02035000,9592.00000000,195.19720000,1685587866671,True,True
55329327,0.02035000,664.60000000,13.52461000,1685587866671,True,True
55329328,0.02035000,8581.40000000,174.63149000,1685587866703,True,True
55329329,0.02035000,40619.00000000,826.59665000,1685587866703,True,True
55329330,0.02035000,6936.70000000,141.16184500,1685587866703,True,True
55329331,0.02035000,33682.30000000,685.43480500,1685587866704,True,True
55329332,0.02034000,6000.00000000,122.04000000,1685587866712,True,True
55329333,0.02034000,743.70000000,15.12685800,1685587866712,True,True
55329334,0.02033000,24329.90000000,494.62686700,1685587866743,True,True
55329335,0.02033000,14756.50000000,299.99964500,1685587866743,True,True
55329336,0.02033000,3084.00000000,62.69772000,1685587866743,True,True
55329337,0.02033000,1502.60000000,30.54785800,1685587866746,True,True
55329338,0.02033000,7504.30000000,152.56241900,1685587866953,True,True
55329339,0.02033000,752.70000000,15.30239100,1685587866953,True,True
55329340,0.02033000,5577.00000000,113.38041000,1685587867067,True,True
55329341,0.02033000,743.70000000,15.11942100,1685587867132,True,True
55329342,0.02033000,7925.10000000,161.11728300,1685587867138,True,True
55329343,0.02032000,534.00000000,10.85088000,1685587867931,True,True
55329344,0.02032000,13670.50000000,277.78456000,1685587867931,True,True
55329345,0.02032000,9699.30000000,197.08977600,1685587867931,True,True
55329346,0.02032000,5580.20000000,113.38966400,1685587867931,True,True
55329347,0.02032000,15005.90000000,304.91988800,1685587868522,True,True
55329348,0.02032000,558.90000000,11.35684800,1685587868899,False,True
55329349,0.02032000,19927.40000000,404.92476800,1685587868991,False,True
55329350,0.02032000,13537.80000000,275.08809600,1685587868995,False,True
55329351,0.02032000,8386.60000000,170.41571200,1685587869039,False,True
55329352,0.02032000,6320.70000000,128.43662400,1685587869213,False,True
55329353,0.02032000,2065.90000000,41.97908800,1685587869222,False,True
55329354,0.02033000,1907.40000000,38.77744200,1685587869222,False,True
55329355,0.02032000,3502.80000000,71.17689600,1685587869363,False,True
55329356,0.02032000,5776.20000000,117.37238400,1685587870105,False,True
55329357,0.02032000,3465.80000000,70.42505600,1685587870105,False,True
55329358,0.02032000,2310.40000000,46.94732800,1685587870105,False,True
55329359,0.02032000,5776.20000000,117.37238400,1685587870105,False,True
55329360,0.02032000,1505.40000000,30.58972800,1685587870105,False,True
55329361,0.02032000,4270.80000000,86.78265600,1685587870105,False,True
55329362,0.02032000,4861.20000000,98.77958400,1685587870105,False,True
55329363,0.02032000,5776.20000000,117.37238400,1685587870105,False,True
55329364,0.02032000,2744.80000000,55.77433600,1685587870105,False,True
55329365,0.02032000,1907.40000000,38.75836800,1685587870110,False,True
55329366,0.02032000,1907.40000000,38.75836800,1685587870110,False,True
55329367,0.02033000,2885.00000000,58.65205000,1685587870110,False,True
55329368,0.02033000,3399.60000000,69.11386800,1685587870113,False,True
55329369,0.02032000,1230.70000000,25.00782400,1685587870749,True,True
55329370,0.02032000,8386.60000000,170.41571200,1685587870749,True,True
55329371,0.02031000,17515.50000000,355.73980500,1685587870749,True,True
55329372,0.02031000,526.30000000,10.68915300,1685587870749,True,True
55329373,0.02032000,1910.20000000,38.81526400,1685587870892,False,True
55329374,0.02033000,2548.40000000,51.80897200,1685587870892,False,True
55329375,0.02033000,16498.30000000,335.41043900,1685587870892,False,True
55329376,0.02033000,5778.70000000,117.48097100,1685587870931,False,True
55329377,0.02033000,3467.30000000,70.49020900,1685587870932,False,True
55329378,0.02033000,1910.20000000,38.83436600,1685587870932,False,True
55329379,0.02033000,8386.60000000,170.49957800,1685587871598,True,True
55329380,0.02033000,13625.40000000,277.00438200,1685587871598,True,True
55329381,0.02033000,126237.20000000,2566.40227600,1685587872031,False,True
55329382,0.02035000,1907.40000000,38.81559000,1685587872106,False,True
55329383,0.02035000,2036.60000000,41.44481000,1685587872106,False,True
55329384,0.02035000,1697.40000000,34.54209000,1685587872106,False,True
55329385,0.02035000,2266.00000000,46.11310000,1685587872112,False,True
55329386,0.02035000,8386.60000000,170.66731000,1685587872575,True,True
55329387,0.02035000,2400.00000000,48.84000000,1685587872575,True,True
55329388,0.02034000,2693.90000000,54.79392600,1685587872794,True,True
55329389,0.02035000,8386.60000000,170.66731000,1685587875826,True,True
55329390,0.02036000,933.50000000,19.00606000,1685587889771,False,True
55329391,0.02036000,10000.00000000,203.60000000,1685587892222,True,True
55329392,0.02036000,2570.30000000,52.33130800,1685587892222,True,True
55329393,0.02037000,1469.80000000,29.93982600,1685587911668,False,True
55329394,0.02036000,1907.40000000,38.83466400,1685587922016,True,True
55329395,0.02036000,1000.00000000,20.36000000,1685587924299,False,True
55329396,0.02037000,638.10000000,12.99809700,1685587937551,False,True
55329397,0.02037000,743.70000000,15.14916900,1685587940121,False,True
55329398,0.02037000,6320.70000000,128.75265900,1685587940256,False,True
55329399,0.02037000,7157.90000000,145.80642300,1685587940256,False,True
55329400,0.02037000,2495.90000000,50.84148300,1685587940257,False,True
55329401,0.02038000,17455.30000000,355.73901400,1685587942604,False,True
55329402,0.02039000,12328.50000000,251.37811500,1685587944920,False,True
55329403,0.02039000,636.70000000,12.98231300,1685587945184,True,True
55329404,0.02039000,1903.70000000,38.81644300,1685587991618,True,True
55329405,0.02039000,1599.10000000,32.60564900,1685587991618,True,True
55329406,0.02039000,3413.30000000,69.59718700,1685587991618,True,True
55329407,0.02039000,2495.90000000,50.89140100,1685587991638,True,True
55329408,0.02039000,4899.30000000,99.89672700,1685587991645,True,True
55329409,0.02038000,1906.50000000,38.85447000,1685587991645,True,True
55329410,0.02038000,5522.70000000,112.55262600,1685587991645,True,True
55329411,0.02038000,4149.50000000,84.56681000,1685587996992,True,True
55329412,0.02038000,4901.80000000,99.89868400,1685588010887,False,True
55329413,0.02038000,1903.70000000,38.79740600,1685588023103,False,True
55329414,0.02038000,1905.60000000,38.83612800,1685588043451,True,True
55329415,0.02037000,1227.10000000,24.99602700,1685588050025,True,True
55329416,0.02037000,1685.90000000,34.34178300,1685588050025,True,True
55329417,0.02037000,937.40000000,19.09483800,1685588061837,True,True
55329418,0.02037000,937.80000000,19.10298600,1685588067930,True,True
55329419,0.02037000,1992.20000000,40.58111400,1685588070928,True,True
55329420,0.02036000,937.50000000,19.08750000,1685588074108,True,True
55329421,0.02037000,1905.60000000,38.81707200,1685588088200,False,True
55329422,0.02037000,3821.60000000,77.84599200,1685588088200,False,True
55329423,0.02038000,1904.60000000,38.81574800,1685588139150,False,True
55329424,0.02038000,675.60000000,13.76872800,1685588139150,False,True
55329425,0.02040000,931.10000000,18.99444000,1685588154452,False,True
55329426,0.02040000,970.70000000,19.80228000,1685588154461,False,True
55329427,0.02040000,1225.90000000,25.00836000,1685588154461,False,True
55329428,0.02040000,1903.70000000,38.83548000,1685588168094,True,True
55329429,0.02039000,1788.10000000,36.45935900,1685588168520,True,True
55329430,0.02039000,3760.40000000,76.67455600,1685588168520,True,True
55329431,0.02039000,6320.70000000,128.87907300,1685588168520,True,True
55329432,0.02039000,4484.20000000,91.43283800,1685588168520,True,True
55329433,0.02037000,2221.50000000,45.25195500,1685588179501,True,True
55329434,0.02037000,2939.20000000,59.87150400,1685588179501,True,True
55329435,0.02037000,1903.70000000,38.77836900,1685588188445,False,True
55329436,0.02037000,8771.60000000,178.67749200,1685588188445,False,True
55329437,0.02037000,3717.90000000,75.73362300,1685588188448,False,True
55329438,0.02037000,2238.00000000,45.58806000,1685588188448,False,True
55329439,0.02036000,969.00000000,19.72884000,1685588201292,True,True
55329440,0.02036000,1269.00000000,25.83684000,1685588201292,True,True
55329441,0.02036000,1132.20000000,23.05159200,1685588201310,True,True
55329442,0.02036000,2390.80000000,48.67668800,1685588201310,True,True
55329443,0.02035000,2042.40000000,41.56284000,1685588203385,True,True
55329444,0.02035000,120.20000000,2.44607000,1685588203385,True,True
55329445,0.02035000,1922.20000000,39.11677000,1685588220702,True,True
55329446,0.02035000,1906.50000000,38.79727500,1685588220702,True,True
55329447,0.02035000,2042.40000000,41.56284000,1685588222016,True,True
55329448,0.02035000,1228.20000000,24.99387000,1685588222016,True,True
55329449,0.02035000,2042.40000000,41.56284000,1685588222016,True,True
55329450,0.02035000,1007.70000000,20.50669500,1685588222016,True,True
55329451,0.02036000,1653.30000000,33.66118800,1685588232818,False,True
55329452,0.02036000,4667.40000000,95.02826400,1685588232818,False,True
55329453,0.02036000,1228.20000000,25.00615200,1685588237071,True,True
55329454,0.02036000,6320.70000000,128.68945200,1685588237071,True,True
55329455,0.02036000,743.70000000,15.14173200,1685588237071,True,True
55329456,0.02036000,2797.90000000,56.96524400,1685588237071,True,True
55329457,0.02035000,1034.70000000,21.05614500,1685588237071,True,True
55329458,0.02035000,2874.80000000,58.50218000,1685588237071,True,True
55329459,0.02035000,3445.90000000,70.12406500,1685588237279,True,True
55329460,0.02035000,11561.40000000,235.27449000,1685588237279,True,True
55329461,0.02037000,1227.10000000,24.99602700,1685588240928,False,True
55329462,0.02037000,2295.90000000,46.76748300,1685588240928,False,True
55329463,0.02037000,1227.70000000,25.00824900,1685588246020,True,True
55329464,0.02036000,743.70000000,15.14173200,1685588256057,False,True
55329465,0.02036000,1161.90000000,23.65628400,1685588256060,False,True
55329466,0.02036000,1300.00000000,26.46800000,1685588277156,True,True
55329467,0.02036000,55.90000000,1.13812400,1685588280112,True,True
55329468,0.02036000,49944.10000000,1016.86187600,1685588280112,True,True
55329469,0.02037000,743.70000000,15.14916900,1685588282316,False,True
55329470,0.02037000,10617.30000000,216.27440100,1685588282331,False,True
55329471,0.02038000,1903.70000000,38.79740600,1685588289519,False,True
55329472,0.02038000,14700.90000000,299.60434200,1685588289519,False,True
55329473,0.02038000,1653.30000000,33.69425400,1685588289524,False,True
55329474,0.02038000,1905.60000000,38.83612800,1685588341263,False,True
55329475,0.02038000,1905.60000000,38.83612800,1685588363688,True,True
55329476,0.02038000,8386.60000000,170.91890800,1685588363688,True,True
55329477,0.02038000,5833.60000000,118.88876800,1685588363688,True,True
55329478,0.02038000,1900.90000000,38.74034200,1685588383924,True,True
55329479,0.02037000,10022.90000000,204.16647300,1685588409090,True,True
55329480,0.02037000,550.10000000,11.20553700,1685588412284,False,True
55329481,0.02037000,1904.60000000,38.79670200,1685588431911,False,True
55329482,0.02038000,1904.60000000,38.81574800,1685588443139,False,True
55329483,0.02039000,1905.60000000,38.85518400,1685588491330,True,True
55329484,0.02039000,1746.50000000,35.61113500,1685588491330,True,True
55329485,0.02039000,5562.10000000,113.41121900,1685588491330,True,True
55329486,0.02038000,1905.60000000,38.83612800,1685588499905,True,True
55329487,0.02038000,932.00000000,18.99416000,1685588503633,False,True
55329488,0.02037000,1906.50000000,38.83540500,1685588510001,True,True
55329489,0.02037000,6656.70000000,135.59697900,1685588510001,True,True
55329490,0.02036000,1158.80000000,23.59316800,1685588510001,True,True
55329491,0.02037000,931.10000000,18.96650700,1685588517167,False,True
55329492,0.02036000,22570.90000000,459.54352400,1685588525389,True,True
55329493,0.02036000,8386.60000000,170.75117600,1685588525389,True,True
55329494,0.02036000,5562.10000000,113.24435600,1685588525389,True,True
55329495,0.02036000,5912.40000000,120.37646400,1685588525389,True,True
55329496,0.02037000,1905.60000000,38.81707200,1685588551193,False,True
55329497,0.02037000,5237.50000000,106.68787500,1685588551193,False,True
55329498,0.02036000,1907.00000000,38.82652000,1685588583309,False,True
55329499,0.02037000,1906.90000000,38.84355300,1685588592290,True,True
55329500,0.02037000,4413.80000000,89.90910600,1685588592290,True,True
55329501,0.02037000,967.80000000,19.71408600,1685588592295,True,True
55329502,0.02036000,1905.60000000,38.79801600,1685588600491,False,True
55329503,0.02035000,16378.30000000,333.29840500,1685588620244,True,True
55329504,0.02035000,13621.70000000,277.20159500,1685588620244,True,True
55329505,0.02035000,12107.10000000,246.37948500,1685588620251,True,True
55329506,0.02035000,2782.60000000,56.62591000,1685588620256,True,True
55329507,0.02035000,965.30000000,19.64385500,1685588620259,True,True
55329508,0.02035000,44.10000000,0.89743500,1685588620259,True,True
55329509,0.02035000,6320.70000000,128.62624500,1685588620264,True,True
55329510,0.02035000,387.70000000,7.88969500,1685588620265,True,True
55329511,0.02035000,4230.40000000,86.08864000,1685588620265,True,True
55329512,0.02035000,1702.60000000,34.64791000,1685588620265,True,True
55329513,0.02035000,4618.10000000,93.97833500,1685588620269,True,True
55329514,0.02035000,1424.90000000,28.99671500,1685588620269,True,True
55329515,0.02034000,743.70000000,15.12685800,1685588629467,True,True
55329516,0.02034000,743.70000000,15.12685800,1685588629471,True,True
55329517,0.02035000,589.60000000,11.99836000,1685588630390,False,True
55329518,0.02034000,422.80000000,8.59975200,1685588634291,True,True
55329519,0.02034000,266.40000000,5.41857600,1685588634291,True,True
55329520,0.02034000,1775.00000000,36.10350000,1685588635206,True,True
55329521,0.02034000,1228.90000000,24.99582600,1685588635206,True,True
55329522,0.02034000,2041.40000000,41.52207600,1685588635206,True,True
55329523,0.02034000,2041.40000000,41.52207600,1685588635206,True,True
55329524,0.02034000,2041.40000000,41.52207600,1685588635206,True,True
55329525,0.02034000,2041.40000000,41.52207600,1685588635206,True,True
55329526,0.02034000,2041.40000000,41.52207600,1685588635206,True,True
55329527,0.02034000,2041.40000000,41.52207600,1685588635206,True,True
55329528,0.02034000,2041.40000000,41.52207600,1685588635206,True,True
55329529,0.02034000,2041.40000000,41.52207600,1685588635206,True,True
55329530,0.02034000,2041.00000000,41.51394000,1685588635206,True,True
55329531,0.02033000,1910.20000000,38.83436600,1685588635206,True,True
55329532,0.02032000,10000.00000000,203.20000000,1685588635367,True,True
55329533,0.02032000,8386.60000000,170.41571200,1685588637260,False,True
55329534,0.02032000,1908.40000000,38.77868800,1685588637260,False,True
55329535,0.02031000,1415.00000000,28.73865000,1685588637833,True,True
55329536,0.02031000,1714.10000000,34.81337100,1685588640357,True,True
55329537,0.02030000,3000.00000000,60.90000000,1685588640357,True,True
55329538,0.02029000,1907.40000000,38.70114600,1685588640357,True,True
55329539,0.02029000,3378.50000000,68.54976500,1685588640357,True,True
55329540,0.02029000,4798.30000000,97.35750700,1685588640357,True,True
55329541,0.02029000,2770.30000000,56.20938700,1685588640357,True,True
55329542,0.02029000,281.10000000,5.70351900,1685588640357,True,True
55329543,0.02029000,1265.00000000,25.66685000,1685588641054,True,True
55329544,0.02029000,779.80000000,15.82214200,1685588642117,True,True
55329545,0.02029000,2044.80000000,41.48899200,1685588642117,True,True
55329546,0.02029000,2044.80000000,41.48899200,1685588642117,True,True
55329547,0.02029000,1451.30000000,29.44687700,1685588642117,True,True
55329548,0.02029000,593.50000000,12.04211500,1685588642626,True,True
55329549,0.02029000,2044.80000000,41.48899200,1685588642626,True,True
55329550,0.02029000,2044.80000000,41.48899200,1685588642626,True,True
55329551,0.02029000,1637.60000000,33.22690400,1685588642626,True,True
55329552,0.02030000,725.70000000,14.73171000,1685588643074,False,True
55329553,0.02030000,700.00000000,14.21000000,1685588643467,False,True
55329554,0.02029000,407.20000000,8.26208800,1685588647584,True,True
55329555,0.02029000,6320.70000000,128.24700300,1685588647584,True,True
55329556,0.02029000,6320.70000000,128.24700300,1685588647584,True,True
55329557,0.02029000,0.10000000,0.00202900,1685588647584,True,True
55329558,0.02029000,2044.70000000,41.48696300,1685588647584,True,True
55329559,0.02029000,2044.80000000,41.48899200,1685588647584,True,True
55329560,0.02029000,2044.70000000,41.48696300,1685588647584,True,True
55329561,0.02029000,3531.00000000,71.64399000,1685588648000,False,True
55329562,0.02029000,2789.70000000,56.60301300,1685588648004,False,True
55329563,0.02029000,1677.50000000,34.03647500,1685588648004,False,True
55329564,0.02029000,6082.20000000,123.40783800,1685588648009,False,True
55329565,0.02029000,626.90000000,12.71980100,1685588648203,False,True
55329566,0.02029000,1911.20000000,38.77824800,1685588648203,False,True
55329567,0.02029000,6320.70000000,128.24700300,1685588648203,False,True
55329568,0.02029000,8386.60000000,170.16411400,1685588649315,False,True
55329569,0.02029000,8386.60000000,170.16411400,1685588649924,False,True
55329570,0.02029000,1914.00000000,38.83506000,1685588649924,False,True
55329571,0.02028000,511.20000000,10.36713600,1685588655389,True,True
55329572,0.02028000,24654.80000000,499.99934400,1685588655389,True,True
55329573,0.02028000,14834.00000000,300.83352000,1685588655389,True,True
55329574,0.02028000,108686.70000000,2204.16627600,1685588655393,True,True
55329575,0.02028000,1100.00000000,22.30800000,1685588655532,False,True
55329576,0.02027000,6783.50000000,137.50154500,1685588656521,True,True
55329577,0.02027000,1463.50000000,29.66514500,1685588656521,True,True
55329578,0.02026000,793.50000000,16.07631000,1685588657122,True,True
55329579,0.02026000,1602.20000000,32.46057200,1685588657142,False,True
55329580,0.02025000,493.90000000,10.00147500,1685588658089,True,True
55329581,0.02025000,784.80000000,15.89220000,1685588658133,True,True
55329582,0.02025000,784.80000000,15.89220000,1685588658135,True,True
55329583,0.02024000,8386.60000000,169.74478400,1685588658172,True,True
55329584,0.02024000,475.30000000,9.62007200,1685588658172,True,True
55329585,0.02024000,8074.00000000,163.41776000,1685588658178,True,True
55329586,0.02024000,3872.60000000,78.38142400,1685588658750,False,True
55329587,0.02024000,1916.80000000,38.79603200,1685588658750,False,True
55329588,0.02024000,1918.70000000,38.83448800,1685588664130,True,True
55329589,0.02024000,1100.00000000,22.26400000,1685588664171,False,True
55329590,0.02024000,7297.80000000,147.70747200,1685588664171,False,True
55329591,0.02024000,8386.60000000,169.74478400,1685588664171,False,True
55329592,0.02024000,8386.60000000,169.74478400,1685588664201,False,True
55329593,0.02024000,1917.80000000,38.81627200,1685588664202,False,True
55329594,0.02024000,6517.00000000,131.90408000,1685588664218,False,True
55329595,0.02024000,1869.60000000,37.84070400,1685588664218,False,True
55329596,0.02024000,1916.30000000,38.78591200,1685588664231,False,True
55329597,0.02024000,3024.40000000,61.21385600,1685588664231,False,True
55329598,0.02024000,4940.70000000,99.99976800,1685588664231,False,True
55329599,0.02024000,421.50000000,8.53116000,1685588664231,False,True
55329600,0.02025000,1915.80000000,38.79495000,1685588667612,False,True
55329601,0.02025000,8841.00000000,179.03025000,1685588667612,False,True
55329602,0.02025000,1575.80000000,31.90995000,1685588667612,False,True
55329603,0.02025000,7666.20000000,155.24055000,1685588667615,False,True
55329604,0.02025000,4729.60000000,95.77440000,1685588667615,False,True
55329605,0.02025000,7437.60000000,150.61140000,1685588667615,False,True
55329606,0.02025000,715.90000000,14.49697500,1685588670701,True,True
55329607,0.02026000,493.60000000,10.00033600,1685588670724,False,True
55329608,0.02026000,9699.30000000,196.50781800,1685588670724,False,True
55329609,0.02028000,1897.00000000,38.47116000,1685588674142,False,True
55329610,0.02028000,1799.40000000,36.49183200,1685588674142,False,True
55329611,0.02026000,1916.80000000,38.83436800,1685588678440,True,True
55329612,0.02026000,2400.00000000,48.62400000,1685588678440,True,True
55329613,0.02025000,183.20000000,3.70980000,1685588678440,True,True
55329614,0.02026000,6320.70000000,128.05738200,1685588702001,True,True
